2430 4110
216 309 248 358 70
510 308 585 358 xvn.
600 309 785 362 onustatus
801 311 825 362 o.
837 311 862 360 7.

210 421 290 469 ¹eum
305 427 372 470 esse
388 407 467 468 dixit
481 408 535 488 qui
549 410 588 470 ad
604 409 741 472 officium
761 415 925 490 peccantes
949 411 1054 472 redire
1070 424 1160 487 coge-

192 505 276 572 aret‚
295 519 358 561 uon
374 500 427 579 qui
443 502 537 562 urbes
552 502 765 564 nobilissimas
790 508 985 583 expugnaret
1001 501 1158 564 Graeciae.

171 665 173 669 ,
217 596 298 655 Noni
319 595 358 667 si,
374 593 487 673 inquit,
506 613 556 655 eos
571 596 768 676 exstinquere
788 597 976 659 statuerimus
990 597 1046 678 qui
1058 593 1160 656 nodis·

217 706 287 750 curn
310 687 459 748 aduersus
475 687 619 751 notares
635 697 793 767 steterunt,
822 699 938 753 nosmet
956 691 1020 771 ipsi
1032 708 1088 750 nos
1102 706 1159 749 eer-

214 784 456 864 puqnoueriuius
472 783 537 845 illis
552 784 775 864 quiescentibus
790 805 797 846 :
820 804 880 866 quo
894 785 976 866 facto
989 785 1057 848 sine
1072 800 1158 862 neqo-

218 879 271 952 tio,
286 897 354 939 cnm
369 879 536 953 volueriut,
553 897 608 940 nos
623 880 806 959 oppriment.

194 973 205 1020 1
259 977 294 1032 6.
307 970 439 1032 Interim
454 970 565 1033 accidit
580 972 632 1033 illa
648 973 807 1056 calamitas
819 974 903 1053 apud
914 976 1049 1035 Leuctra
1064 977 1157 1035 Lace·

137 1065 194 1124 371
219 1064 480 1136 daemoniis.an
496 1084 536 1126 ne
552 1065 811 1144 proficisceretur,
831 1086 933 1127 cuma
948 1065 1105 1145 plerisque
1120 1067 1157 1127 ad

219 1159 397 1221 exeundum
418 1166 626 1238 premeretur,
644 1166 680 1221 ut
694 1159 721 1221 si
735 1160 774 1222 de
790 1161 874 1222 exitu
889 1159 1057 1235 divinaret,
1075 1161 1157 1234 exire

138 1255 197 1314 370
219 1254 329 1315 noluit.
347 1254 446 1326 Idem,
463 1273 535 1315 cum
547 1255 778 1334 Epaminondas
793 1257 935 1335 Spartam
950 1261 1156 1334 oppugnaret,

218 1353 362 1428 essetque
378 1348 445 1409 sine
470 1347 569 1409 muris
595 1348 754 1427 oppidum,
769 1349 866 1410 talem
887 1368 921 1410 se
937 1349 1158 1427 imperatorem

218 1440 371 1520 praebuit,
389 1446 474 1501 uteo
490 1445 630 1519 tempere
658 1441 804 1502 omnibus
819 1441 1011 1520 apparuerit,
1027 1442 1091 1503 nisi
1106 1443 1156 1505 ille

194 1538 339 1608 tinisset
357 1537 498 1615 Spartam
513 1538 650 1597 futuram
666 1555 730 1596 nnn
753 1535 859 1596 fuisse.
884 1536 921 1596 In
947 1555 1008 1615 quo
1030 1537 1157 1614 quidem

221 1628 400 1691 discrimine
425 1629 566 1690 celeritas
583 1630 651 1707 ejus
672 1627 791 1688 consilii
808 1627 899 1688 saluti
916 1628 975 1689 fuit
989 1628 1155 1692 universis.

220 1725 380 1783 Nemeum
395 1722 523 1801 quidam
538 1721 772 1793 adolescentuli,
787 1721 922 1782 bostium
935 1721 1072 1782 adventu
1087 1743 1158 1804 per-

220 1816 376 1888 territi‚ad
390 1816 554 1878 Thebanos
566 1817 762 1894 transfugere
775 1816 903 1888 vellent,
916 1821 948 1876 et
958 1815 1061 1876 locum
1072 1824 1158 1880 extra

218 1910 332 1970 urbem
347 1909 467 1970 editum
493 1911 659 1989 cepissent,
677 1910 849 1988 Agesilaus
867 1908 920 1988 qui
935 1909 1158 1987 perniciesissi-

219 2021 306 2062 mum
322 2005 385 2063 scre
402 2002 534 2074 videret,
555 2001 582 2062 si
596 2002 849 2062 animadversum
870 2006 1158 2082 essetquamquam

219 2096 259 2156 ad
270 2098 374 2157 hostes
397 2096 592 2173 transfugere
608 2095 722 2165 conari,
740 2113 811 2153 cum
827 2093 890 2155 suis
906 2112 942 2154 eo
954 2094 1156 2175 venitatquc,

219 2196 255 2250 ut
266 2190 291 2249 si
306 2190 388 2250 bonu
404 2189 507 2250 animo
522 2189 680 2261 fecissent,
694 2188 833 2248 laudavit
855 2187 1020 2248 consilium
1036 2207 1156 2264 eorum,

219 2283 390 2363 quodcum
411 2282 512 2342 locum
528 2287 750 2361 occupassent:
779 2301 811 2342 se
827 2300 949 2361 quoque
965 2281 997 2342 id
1024 2283 1092 2344 fieri
1107 2284 1160 2346 de·

193 2380 294 2449 abere
310 2376 580 2437 animadvertisse.
599 2376 648 2436 Sic
663 2375 875 2437 adolescentes
891 2376 1035 2437 simulata
1049 2376 1158 2439 lauda-

219 2472 303 2533 tione
318 2468 523 2549 recuperavit,
537 2475 568 2530 et
580 2468 735 2548 adjunctis
747 2469 786 2529 de
802 2469 866 2530 suis
878 2468 1042 2530 comitibus
1056 2469 1160 2531 locum

219 2573 322 2628 tutum
332 2564 467 2644 reliquit.
481 2562 620 2643 Namque
634 2563 677 2622 illi
688 2563 770 2624 aucti
782 2581 913 2624 numero
925 2578 1034 2624 eorum
1044 2565 1099 2644 qui
1112 2585 1162 2626 cx·

219 2667 323 2741 pertes
333 2664 422 2721 erant
432 2657 563 2730 consilii,
571 2676 765 2718 commovere
776 2676 808 2718 se
819 2676 881 2718 nnn
893 2663 967 2718 sunt
975 2658 1161 2738 ausi,eoque

220 2753 380 2827 libentius,
394 2751 476 2832 quod
491 2752 588 2812 latere
598 2751 831 2811 arbitrabantur
844 2769 923 2830 quae
935 2750 1158 2830 cogitaverant.

196 2861 207 2909 ί
231 2843 233 2848 ’
262 2856 294 2909 7.
308 2847 379 2907 Sine
390 2845 485 2909 dubio
495 2849 564 2923 post
574 2844 765 2905 Leuctricam
776 2863 913 2922 pugnam
922 2844 1161 2904 Lacedaemonii

221 2963 254 3006 se
279 2960 451 3020 numquam
478 2941 664 3011 reiecerunt,
692 2957 794 3016 neque
811 2937 977 3015 pristinum
992 2936 1160 3015 imperium

221 3037 454 3112 recuperarunt,
463 3030 664 3090 cuminterim
675 3049 848 3107 numquam
855 3028 1014 3108 Agesilaus
1026 3028 1158 3101 destitit,

195 3129 468 3209 2quibuscumque
481 3124 574 3184 robus
589 3129 704 3202 posset,
719 3123 851 3201 patriam
860 3124 982 3202 juvare.
998 3125 1075 3182 Nam
1089 3143 1159 3183 cum

220 3222 383 3302 praecipue
400 3217 635 3280 Lacedaemonii
647 3218 826 3295 indigerent
840 3216 980 3294 pecunia,
994 3216 1046 3276 ille
1061 3216 1162 3277 omni·

221 3317 281 3377 bus
296 3315 348 3394 qui
365 3332 466 3391 arege
482 3312 660 3372 deiecerant
674 3309 827 3389 praesidio
841 3310 914 3380 fuit3
931 3329 949 3370 a
964 3310 1079 3388 quibus
1092 3330 1160 3370 ma-

196 3425 283 3488 agna
298 3410 430 3468 donatus
447 3405 577 3484 pecunia
591 3403 722 3482 patriam
738 3401 921 3462 sublevavit.
938 3405 1037 3482 Atque
1053 3403 1086 3464 in
1102 3405 1161 3465 hoc

222 3504 297 3565 illud
314 3503 346 3561 in
360 3501 468 3580 primis
480 3499 538 3558 luit
548 3496 742 3567 admirabile,
760 3514 829 3554 cum
841 3496 975 3556 maxima
987 3516 1119 3559 munera
1131 3500 1159 3559 ei

221 3590 577 3675 abregibusacdynastis
590 3589 827 3667 civitatibusque
838 3590 1064 3663 conferrentur,
1075 3592 1158 3669 quod
