2430 4110
434 336 496 388 ile.
518 336 557 387 liE
577 336 725 388 REGIBUS.
744 335 767 388 Ξ.
787 338 811 387 5.
1051 337 1080 385 Si

156 435 507 515 adeplusPriorhorum
523 437 1079 516 apudlilassogeiasinproeliocecidit;

158 530 265 588 [iarius
276 537 430 592 senectute
444 532 525 593 diem
536 532 609 592 obiit
621 551 810 610 supremum.
824 535 896 592 Tres
907 537 979 591 suut
993 551 1079 611 prae·
1096 544 1109 588 a

88 699 92 708 Ι
157 625 239 681 terea
254 623 280 701 ej
286 624 390 683 usdem
404 626 506 704 gentis
540 627 673 684 :Xerxes
689 629 719 684 et
734 625 794 684 duo
809 629 999 698 Artaxerxae,
1016 627 1080 686 Ma-

154 716 275 776 crochir
298 724 329 778 et
349 720 504 779 Mnemon.
528 719 631 778 Xerxis
641 720 770 778 maxime
792 725 836 778 est
862 719 978 780 illustre
999 721 1079 798 quod

154 809 296 869 maximis
322 818 388 890 post,
413 812 572 873 hominum
594 812 770 872 memoriam
796 812 977 872 exercitibus
1000 818 1079 875 terra

153 903 293 979 marique
310 905 423 964 bellum
440 905 542 965 intulit
557 905 708 964 Graeciae.
730 904 1104 984 Aril„1eroctairpraeei·r

155 1012 248 1070 piram
262 996 349 1056 habet
366 998 487 1057 la'uclcm
501 998 704 1076 impiissimae
716 997 997 1076 pulcherrimaeque
1011 1019 1077 1060 cor-

154 1087 235 1164 poris
258 1091 371 1151 iormae
386 1137 392 1162 ,
410 1111 504 1169 quam
520 1091 688 1151 incredibili
710 1090 830 1150 ornavit
850 1090 961 1154 virtute
980 1093 1075 1152 helii:

152 1201 287 1260 namque
311 1186 360 1245 iilo
381 1188 488 1246 Perses
508 1205 598 1246 nemo
619 1204 712 1245 manu
726 1184 784 1244 luit
803 1184 916 1244 tortior.
934 1185 1076 1246 Mnemon

151 1282 258 1336 autem
270 1279 405 1356 justitiae
416 1281 495 1339 fama
510 1281 612 1340 iioruit
628 1298 718 1338 :nam
729 1297 800 1337 cum
812 1278 917 1337 matris
931 1297 1002 1338 suae
1014 1298 1076 1339 scc-

153 1369 216 1428 lere
238 1371 387 1432 amisisset
407 1392 543 1443 uxorem,
567 1377 686 1433 trintum
700 1371 825 1431 indulsit
836 1370 942 1442 dolori,
957 1375 989 1430 ul
1003 1389 1074 1430 eum

152 1463 249 1541 pictas
264 1465 407 1526 vinceret.
422 1470 465 1526 Ex
477 1467 523 1526 his
538 1468 598 1528 duo
609 1467 714 1526 eodem
728 1465 850 1525 nomine
867 1465 972 1525 morbo
984 1469 1073 1525 natu·
1088 1469 1102 1514 5

152 1576 203 1616 rae
218 1558 558 1622 debiiumreddiderunt
570 1581 577 1634 3
594 1558 701 1622 tertiis
712 1561 750 1620 ab
762 1560 913 1620 Artabano
925 1560 1074 1637 praelecto

152 1653 232 1712 ferro
246 1653 445 1734 interemptus
459 1662 514 1716 est.

194 1746 233 1804 ⁸9.
253 1749 295 1806 Ex
317 1749 516 1807 Macedonum
531 1754 634 1808 autem
652 1751 741 1826 gente
756 1746 817 1806 duo
842 1746 939 1805 multo
960 1750 1097 1806 ceteros!

150 1846 379 1900 antecesserunt
414 1861 518 1900 rerum
550 1847 704 1919 gestarum
738 1840 832 1918 gloria
864 1857 870 1897 :
899 1839 1070 1917 Philippus,

150 1936 300 2010 Amyntae
320 1933 411 2008 filius,
424 1939 454 1992 et
469 1934 636 2014 illoxunder
649 1934 788 2011 Magnus
805 1934 921 1992 Horum
933 1933 1009 1992 alter
1020 1934 1073 1991 Ba-

149 2027 262 2105 bylone
278 2029 382 2086 morbo
395 2033 592 2106 consumptus
605 2033 664 2095 esl;
676 2027 834 2104 Philippus
846 2024 946 2102 Aegiis
965 2044 982 2083 a
994 2027 1072 2085 Pau-

149 2122 244 2185 sarria.
258 2141 328 2181 cum
343 2127 511 2200 spectatum
527 2123 613 2181 ludos
635 2121 702 2191 iret,
719 2121 807 2198 juxta
822 2120 974 2178 theatrum
992 2121 1070 2178 occi-

148 2231 200 2271 sus
211 2220 266 2272 est.
285 2217 370 2275 [nris
387 2215 542 2292 Epirotes,
559 2214 706 2292 Pyrrhus,
723 2212 861 2288 quicum
879 2212 988 2288 populo
1011 2214 1097 2271 lio-2

103 2344 105 2348 -
148 2324 238 2366 mano
258 2307 390 2367 bellavit.
414 2309 528 2366 iscam
555 2311 644 2384 Argos
661 2305 806 2383 oppidum
829 2310 1018 2383 oppugnaret
1040 2306 1070 2365 in

148 2400 371 2478 Peloponnem‚
393 2400 490 2478 lapide
513 2399 589 2459 ictus
608 2398 731 2457 interiit.
749 2400 834 2460 Unus
852 2398 923 2456 item
937 2397 1067 2469 Sicdlus,

150 2491 309 2571 Dionysius
328 2494 420 2569 prior.
445 2495 520 2552 Nam
539 2498 568 2550 et
591 2510 682 2549 mama
705 2490 789 2549 fortis
810 2494 840 2548 ei
859 2489 929 2547 belii
955 2490 1068 2566 peritus

148 2586 215 2652 luit,
228 2591 269 2655 et,
285 2585 404 2668 idquod
418 2586 448 2643 in
462 2591 589 2663 tyranno
600 2602 658 2643 non
672 2582 756 2642 facile
769 2582 928 2660 reperitur,
941 2581 1067 2644 minime

146 2677 335 2748 libidinosus,
353 2699 413 2738 non
429 2679 612 2746 luxuriosus
629 2694 689 2735 non
703 2694 823 2746 avaruS,
844 2675 958 2734 nullius
979 2676 1066 2736 deni-

144 2789 203 2847 que
219 2772 260 2829 rei
274 2772 402 2849 cupidus
413 2772 470 2829 nisi
483 2771 643 2850 singularis
659 2768 856 2848 perpetuique
874 2768 1010 2846 imperii,
1026 2769 1065 2828 ob

144 2882 270 2940 eamque
293 2883 356 2923 rem
378 2865 520 2924 crudelis,
546 2867 621 2924 Num
643 2864 717 2922 dum
734 2861 762 2920 id
784 2861 901 2919 studuit
925 2861 1062 2932 munire,

143 2961 257 3019 nullius
273 2961 405 3039 pepercit
428 2961 505 3033 ritae
520 2979 611 3039 quem
631 2960 697 3036 ejus
716 2957 918 3016 insidiatorem
931 2960 1060 3034 patarei.

142 3053 196 3111 ilic
208 3072 278 3111 cum
293 3054 404 3117 uirtute
421 3054 612 3132 tyrannidem
633 3051 689 3112 sibi
702 3050 998 3129 peperissel,magua
1011 3069 1059 3109 re·
1074 3065 1088 3109 3

142 3146 234 3205 tinuit
258 3147 411 3206 felicitate.
440 3149 535 3224 Major
563 3146 646 3206 enim
673 3163 769 3203 :rnnos
794 3143 948 3220 sexaginta
973 3149 1061 3204 nulus

139 3239 266 3299 decessit
288 3240 411 3299 iiorenlc
423 3258 537 3317 regum
554 3259 651 3317 neque
669 3237 699 3296 in
712 3245 772 3297 tum
792 3237 895 3307 multis
909 3235 995 3296 sannis
1005 3256 1059 3297 cu-
1093 3230 1096 3235 ’

122 3333 281 3409 ‘jusanam
297 3353 333 3393 ex
348 3351 402 3392 sua
416 3334 700 3410 stirpeiunusvidit,
712 3353 781 3393 eum
792 3351 828 3391 ex
845 3332 941 3391 tribus
955 3333 1058 3392 uxori-

137 3427 195 3486 bus
205 3428 316 3488 liberos
331 3432 524 3504 procreasset,
538 3428 687 3506 multique
699 3428 726 3488 ei
741 3427 802 3487 nati
812 3430 911 3487 essent
920 3433 1053 3505 nepotes.

178 3524 217 3582 3.
233 3524 369 3582 Fuerunt
381 3527 534 3602 praeterea
548 3525 650 3601 magni
665 3543 750 3602 reges
764 3542 799 3582 er
811 3522 915 3582 amicis
929 3522 1055 3582 Alexan·
1071 3549 1080 3593 r

136 3614 180 3674 dri
194 3616 307 3693 ilagni,
319 3617 370 3696 qui
384 3621 448 3695 posi
459 3615 576 3676 obitum
586 3617 652 3695 ejas
663 3616 787 3690 imperia
796 3620 952 3694 ceperunt,
966 3616 996 3675 in
1008 3616 1056 3678 bis
