2430 4110
161 383 194 433 ta
461 381 493 433 ll.
507 380 757 435 rnnttlsrocths
770 385 794 434 8.

163 486 256 560 rium,
272 493 365 565 atque
383 487 466 566 apud
490 505 542 548 eos
564 488 725 548 contendit
740 488 815 549 falsa
832 487 868 548 iis
890 507 959 549 esse
974 489 1096 551 delata:

162 598 258 658 quaro
266 576 401 658 aequum
409 599 477 642 esse
486 581 555 642 illos
566 580 649 642 viros
658 582 755 642 bonos
766 582 946 660 nobilesque
958 583 1094 655 mittere,

162 672 275 750 quibus
284 673 362 734 tides
372 674 551 746 haberetur,
564 673 615 752 qui
628 692 694 734 rem
705 673 919 752 explora1·eot;
934 674 1053 736 interca
1065 693 1096 736 se

137 765 302 826 eobsidem
316 760 630 847 retinerenttoesms
646 772 694 827 est
715 768 742 828 ei
759 786 836 838 mos,
862 773 988 846 tresque
1004 769 1096 848 legati

162 854 262 920 functi
276 860 407 920 summis
422 860 591 921 honoribus
606 861 742 921 Athenas
758 860 845 921 missi
857 866 940 921 sant.
957 863 1033 922 Cum
1048 862 1097 923 his

164 953 298 1031 collegas
310 971 380 1013 suos
392 953 616 1014 Themistocles
621 953 885 1033 jussitproficisci,
900 955 1001 1033 iisque
1013 974 1099 1035 prac-

164 1044 242 1106 dixit
256 1049 341 1106 utne
352 1044 439 1123 prius
451 1045 764 1106 Lacedaemoniorum
776 1046 895 1123 legatos
906 1045 1098 1108 dimitterent
1132 1101 1136 1107 .

138 1138 256 1216 Aquam
269 1137 334 1217 ipse
343 1139 592 1199 essetremissns.
603 1140 836 1217 Hospcstquam
847 1139 983 1200 Athenas
992 1159 1099 1218 perve-

163 1231 247 1293 nisse
268 1238 354 1293 ratus
369 1237 427 1305 est,
444 1232 483 1293 ad
497 1231 696 1310 magistratus
719 1228 924 1310 senatumque
942 1233 1100 1294 Lacedae·

163 1326 339 1387 moniorum
354 1325 440 1404 adiit,
468 1331 498 1386 et
513 1326 594 1405 apud
617 1343 669 1387 eos
684 1324 843 1386 liberrime
858 1325 1016 1403 protessus
1031 1333 1098 1388 est:
1143 1388 1145 1397 ,

164 1418 370 1479 Athenienses
383 1436 437 1478 suo
453 1417 592 1490 consilio,
610 1418 692 1496 quod
706 1417 863 1477 communi
872 1417 944 1494 jure
956 1418 1099 1494 gentium
1143 1456 1145 1463 ·

164 1511 264 1571 lacere
279 1517 416 1589 possent,
430 1510 504 1570 deos
518 1510 658 1588 publicos
669 1528 814 1588 suosque,
828 1509 944 1588 patrios
955 1531 991 1572 ac
1002 1530 1101 1590 pena·

164 1612 223 1679 tes,
237 1625 296 1685 quo
306 1605 427 1666 facilius
436 1604 474 1666 ab
483 1607 573 1667 hoste
581 1611 706 1684 possent
718 1604 893 1676 defendere,
908 1606 1006 1666 muris
1015 1625 1102 1686 saep·

157 1699 253 1772 sisse,
269 1717 371 1777 neque
384 1699 417 1758 iu
432 1717 467 1759 eo
482 1699 563 1777 quod
579 1698 691 1759 inutile
707 1704 790 1759 esset
805 1697 949 1759 Graeciae
964 1699 1098 1761 fecisse:

138 1797 237 1853 &nam
252 1794 378 1855 illorum
389 1796 500 1856 urbem
512 1800 546 1854 ut
560 1793 826 1873 propugnaculum
842 1793 1017 1873 oppositum
1031 1814 1102 1857 esse

164 1885 1101 1965 harbaris3apudquumjamhisclassesrcgiaslecissenauha-

139 1978 267 2058 agium
280 1979 652 2040 Lacedaemonicsautem
661 1979 742 2039 male
750 1984 780 2039 et
791 1977 906 2055 injuste
918 1979 1030 2050 lacere,
1046 1982 1103 2058 qui

164 2072 196 2133 id
209 2071 311 2151 potius
321 2072 518 2133 intuerentur
530 2073 613 2150 quod
625 2072 763 2150 ipsorum
775 2071 991 2145 dominationi,
1005 2091 1102 2150 quam

164 2165 247 2242 quod
275 2166 438 2250 universae
466 2166 609 2226 Graeciae
631 2165 708 2226 utile
725 2169 827 2236 esset3
852 2183 947 2243 quare
974 2165 999 2223 si
1025 2184 1102 2228 suos

165 2259 282 2336 legatos
311 2259 449 2337 recipere
469 2258 598 2330 vellent,
623 2276 698 2336 quos
721 2259 857 2318 Athenas
879 2257 1041 2331 miserant,
1065 2278 1101 2320 se

164 2353 371 2426 remitterent,
385 2352 476 2414 aliter
484 2353 554 2413 illos
563 2370 734 2429 numquam
746 2352 778 2412 in
787 2351 918 2431 patriam
930 2355 1099 2430 recepturi.

141 2450 152 2498 ¹
205 2452 241 2507 8.
267 2447 383 2507 Tamen
412 2464 474 2506 non
500 2446 609 2525 cffugit
634 2445 747 2506 civium
777 2464 904 2506 suorum
933 2445 1099 2509 invidiam.

165 2540 303 2617 Namque
318 2540 357 2601 ob
372 2539 506 2599 eundern
522 2538 665 2598 timorem
681 2556 742 2616 quo
758 2537 925 2597 damnatus
948 2542 1014 2597 erat
1028 2537 1101 2598 Mil-

84 2599 139 2658 471
164 2631 273 2702 uades,
299 2632 482 2691 testularum
505 2630 660 2708 suffragiis
676 2649 693 2690 e
709 2629 833 2711 civitate
848 2630 978 2708 ejectus,
1003 2632 1105 2708 Argos

138 2722 337 2786 ‘thabitatnm
350 2723 511 2784 concessit.
526 2724 583 2782 Hic
594 2741 677 2795 cum,
692 2729 819 2802 propter
830 2723 943 2782 multas
956 2723 1102 2800 virtutes,

163 2833 359 2894 magnacum
388 2816 539 2894 dignitate
564 2816 693 2888 viveret,
721 2815 955 2876 Lacedaemonii
981 2816 1103 2893 legatus

164 2914 300 2974 Athenas
311 2913 473 2983 miserunt,
488 2911 540 2990 qui
553 2930 625 2971 eum
636 2912 799 2971 absentem
810 2916 1004 2983 accusarent,
1018 2912 1102 2988 quo'd

165 3005 341 3066 societatem
356 3024 427 3065 cum
441 3023 513 3082 rege
528 3007 621 3065 Perse
635 3004 674 3063 ad
687 3002 845 3063 Graeciam
862 2992 1100 3081 opprimendam

111 3165 117 3177 ,
139 3099 296 3159 5tecisset.
308 3096 1051 3175 Huccrimineahsensproditionisdamnatusest.
1063 3095 1100 3155 Id

164 3191 422 3269 utandivit,quod
439 3208 502 3250 non
515 3190 590 3250 satis
602 3194 704 3249 tutum
719 3207 751 3249 se
766 3189 854 3266 Argis
869 3187 1007 3259 videbat,
1024 3188 1100 3249 Cor-

163 3304 270 3364 cyram
281 3285 477 3364 demigravit.
491 3285 537 3346 lbi
552 3303 623 3345 cum
637 3283 771 3345 civitatis
787 3282 942 3364 principes
959 3283 1102 3344 animad-

165 3382 307 3442 vertisset
323 3381 432 3441 timere
445 3399 484 3440 ne
497 3387 623 3459 propter
635 3398 668 3440 se
680 3380 798 3440 bellum
812 3379 848 3439 iis
862 3377 1101 3438 Lacedaemonii

164 3481 195 3534 ct
220 3474 423 3534 Athenienses
451 3473 636 3549 indicerent,
669 3474 709 3533 ad
732 3473 912 3542 Admetum,
931 3471 1100 3532 Molossum

144 3577 276 3648 negem,
297 3588 367 3628 cum
381 3587 441 3647 quo
461 3568 489 3628 ei
501 3568 673 3646 hospitium
689 3573 766 3639 erat,
783 3566 1013 3645 contugitpllnc
1027 3584 1098 3625 cunr

161 3662 310 3736 venisset,
327 3669 357 3724 et
368 3662 401 3723 in
413 3662 589 3742 praesentia
605 3680 658 3721 rex
669 3661 803 3732 abesset,
822 3676 881 3737 quc
899 3659 1014 3737 majore
1026 3658 1101 3719 reli-
