2430 4110
175 361 209 411 st
511 359 553 410 lX.
572 359 686 410 COLON.
707 363 729 409 t.
750 359 774 408 Ξ.

176 480 263 524 amor
273 459 388 522 civium
403 466 435 523 et
445 462 561 529 nonvis
577 462 903 540 expresserat,uullarn
916 464 1025 528 habuit
1035 468 1100 530 invi

149 548 152 553 ’
176 557 261 619 diam
276 573 451 635 magnaque
467 555 526 615 fuit
536 554 645 632 gloria.
659 559 741 616 Bene
754 574 827 634 ergo
840 557 974 621 Pittacus
987 562 1110 642 ille‚qut

176 653 209 714 in
225 658 344 732 septem
360 653 535 731 sapientum
551 669 680 711 numero
709 657 757 711 est
781 651 916 725 babitus,
934 672 1005 715 cum
1021 659 1099 736 Myti

175 745 275 807 lenaei
300 745 398 806 multa
424 744 508 804 milia
534 744 681 822 jugerum
704 745 770 823 agri
797 745 824 804 ei
849 746 973 806 muneri
1000 750 1110 810 darent

149 880 152 885 -
174 839 287 915 Nolite,
302 857 356 899 oro
371 856 435 915 oor,
453 838 564 916 inquit,
578 837 610 896 id
632 836 708 896 mitt
729 838 811 912 dore,
837 841 916 919 quod
930 840 1021 901 motti
1033 843 1103 904 irot-

175 935 272 1010 deoot,
291 932 401 1014 plores
417 933 508 994 etiam
533 932 759 1012 concupiscant.
778 936 878 1008 (iecore
899 953 940 994 eoo
953 935 1021 996 istis
1042 939 1112 1003 uoto

174 1028 309 1107 amplios
333 1045 426 1106 quom
449 1033 568 1088 centum
586 1025 711 1104 pipere,
739 1044 815 1108 quoe
840 1034 867 1087 et
892 1046 991 1088 ineam
1016 1032 1111 1092 coion

174 1114 396 1198 ot·qot'toteot'et
410 1123 545 1177 vestram
560 1115 744 1177 volantatem
763 1117 905 1179 indicent.
923 1120 1001 1178 Nam
1017 1139 1111 1196 parva

173 1222 304 1272 munera
319 1210 451 1283 diutina,
478 1209 641 1288 locupletia
664 1228 727 1270 uon
753 1209 876 1287 propria
898 1229 965 1271 esse
981 1229 1111 1274 consue·

139 1332 159 1380 3
174 1310 258 1368 runt.
277 1305 333 1364 llla
352 1305 449 1383 igitur
464 1322 574 1364 corona
595 1308 759 1363 contentus
773 1303 985 1381 Thrasybulus
1008 1323 1109 1384 neque

172 1399 305 1478 amplius
326 1398 490 1477 requisivit
508 1415 818 1476 neque-quemquam
835 1397 949 1458 honore
966 1415 999 1457 se
1021 1405 1110 1460 ante·

138 1524 155 1572 5
173 1493 302 1553 cessisse
313 1492 511 1553 existimavit.
525 1492 582 1552 Hic
593 1493 734 1571 sequenti
748 1498 975 1570 tempore‚cum
987 1501 1110 1577 praetor

172 1590 302 1650 classem
328 1591 368 1651 ad
396 1590 533 1651 Ciliciam
548 1590 719 1670 appulisset
734 1608 836 1668 neque
853 1589 925 1649 satis
942 1590 1110 1668 diligenter

139 1709 155 1756 4
172 1684 204 1744 in
220 1683 328 1744 eastris
344 1684 411 1762 ejus
423 1688 592 1763 agerentur
606 1684 742 1763 vigiliae,
759 1705 776 1744 a
792 1683 932 1743 barbaris
946 1702 982 1771 ex
998 1688 1109 1766 oppido

171 1781 264 1838 noctu
280 1777 442 1856 eruptione
458 1779 537 1839 lacta
550 1777 582 1838 in
598 1778 797 1839 tabernaculo
813 1777 994 1838 interfectus
1009 1785 1069 1841 est.

524 1997 579 2060 IX.
604 1996 745 2060 coacta

138 2199 148 2247 1
211 2179 245 2230 1.
272 2171 384 2242 Concu,
400 2170 610 2243 Atheniensis
628 2168 852 2250 Peloponnesio
878 2170 959 2231 bello
980 2173 1108 2234 accessit

170 2263 207 2322 ad
221 2281 286 2321 rem
302 2263 468 2342 publicam,
484 2264 625 2341 incoque
638 2264 705 2341 ejus
718 2263 926 2341 operamagni
939 2265 998 2323 luit
1012 2285 1017 2324 :
1036 2285 1108 2326 nant

169 2361 201 2417 et
211 2357 539 2435 praetorpedestribus
548 2358 735 2417 exercitibus
747 2357 879 2435 praefuit
892 2362 924 2417 et
936 2360 1109 2434 praelectus

169 2440 275 2509 classis
290 2467 421 2528 magnas
436 2469 486 2511 res
502 2450 580 2510 mari
594 2449 703 2528 gessit.
721 2451 802 2521 Quas
818 2450 857 2512 ob
872 2469 980 2510 causas
993 2453 1109 2530 praeri-

169 2560 250 2618 puus
265 2541 293 2601 ei
308 2542 407 2603 honos
419 2543 544 2603 babitus
556 2547 605 2603 est
625 2561 632 2603 :
649 2562 785 2621 namque
802 2542 947 2603 omuibus
964 2563 1047 2606 unus
1063 2545 1106 2613 in-

169 2636 244 2696 sulis
261 2636 414 2714 praefuit3
433 2637 465 2697 in
481 2656 541 2716 qua
553 2642 705 2716 potestate
718 2638 835 2696 Pheras
851 2637 942 2714 cepit,
957 2638 1108 2698 coloniam

136 2742 153 2793 2
170 2731 496 2792 Lacedaemoniorum.
525 2731 598 2791 Fuit
620 2731 714 2792 etiam
729 2735 868 2792 extremo
883 2731 1108 2810 Peloponnesio

87 2839 146 2897 403
169 2823 249 2883 bello
265 2829 399 2902 praetor,
430 2843 500 2884 curn
527 2826 608 2904 apud
625 2827 724 2904 Aegos
751 2825 869 2886 ssumen
894 2826 998 2904 copiae
1013 2828 1108 2887 Athe-

168 2916 325 2976 niensium
353 2917 392 2976 ab
418 2919 580 2997 Lysandro
596 2924 670 2978 sunt
692 2918 841 2979 devictae.
860 2919 919 2978 Sed
936 2924 1003 2979 tum
1019 2920 1106 2992 aluit,

169 3028 266 3086 eoque
283 3010 372 3088 pejus
388 3030 437 3071 res
453 3011 670 3072 administrata
690 3017 746 3072 est.
767 3014 844 3071 Nam
864 3017 895 3072 et
911 3013 1048 3091 prudens
1064 3013 1108 3074 rei

133 3131 149 3180 3
170 3102 312 3162 militaris
327 3107 358 3162 et
369 3103 503 3181 diligens
519 3109 586 3164 erat
597 3104 777 3182 imperator.
790 3105 899 3183 ltaque
912 3106 1030 3165 nemini
1044 3113 1110 3167 erat

168 3193 205 3252 iis
222 3195 414 3271 temporibus
430 3195 572 3269 dubium,
592 3198 616 3257 si
632 3198 783 3271 affuisset,
802 3199 886 3258 illam
902 3199 1109 3261 Athenienses

167 3287 376 3348 calamitatem
394 3295 574 3368 accepturos
588 3310 651 3353 non
666 3292 772 3352 fuisse.

135 3421 145 3469 4
210 3386 232 3440 ἰ
262 3381 366 3442 Rebus
381 3387 486 3442 autem
502 3384 634 3457 afflictis,
659 3404 729 3445 cum
752 3385 884 3463 patriam
908 3386 1042 3447 obsideri
1056 3408 1110 3447 au-

168 3473 276 3548 disset,
293 3493 357 3535 non
381 3476 534 3554 quaesivit
555 3479 607 3539 ubi
629 3480 693 3558 ipse
719 3485 786 3541 tuto
808 3481 936 3558 rivaret,
955 3482 1008 3541 sed
1026 3485 1109 3543 unde

169 3567 323 3645 praesidio
338 3574 443 3646 posset
457 3589 525 3632 esse
541 3572 660 3634 civibus
674 3574 749 3635 suis,
761 3576 869 3653 ltaque
882 3575 1013 3635 contulit
1024 3595 1056 3636 se
1070 3577 1107 3636 ad

88 3674 146 3735 399
169 3662 419 3737 Pharnabazum,
437 3671 592 3745 satrapem
608 3669 713 3730 Ioniae
733 3675 764 3731 et
778 3670 894 3749 Lydiae
910 3672 1107 3750 eundemque
