<?xml version="1.0" encoding="UTF-8"?>
<!DOCTYPE html PUBLIC "-//W3C//DTD XHTML 1.0 Transitional//EN"
    "http://www.w3.org/TR/xhtml1/DTD/xhtml1-transitional.dtd">
<html xmlns="http://www.w3.org/1999/xhtml" xml:lang="en" lang="en">
 <head>
  <title>
</title>
<meta http-equiv="Content-Type" content="text/html;charset=utf-8" />
  <meta name='ocr-system' content='tesseract 3.04.00' />
  <meta name='ocr-capabilities' content='ocr_page ocr_carea ocr_par ocr_line ocrx_word'/>
</head>
<body>
  <div class='ocr_page' id='page_1' title='image "./corneliinepotis00roergoog_0049.png"; bbox 0 0 2430 4110; ppageno 0'>
   <div class='ocr_carea' id='block_1_1' title="bbox 211 379 807 431">
    <p class='ocr_par' dir='ltr' id='par_1_1' title="bbox 211 379 807 431">
     <span class='ocr_line' id='line_1_1' title="bbox 211 379 807 431; baseline -0.008 0"><span class='ocrx_word' id='word_1_1' title='bbox 211 380 243 431; x_wconf 76' lang='lat'>38</span> <span class='ocrx_word' id='word_1_2' title='bbox 544 381 584 430; x_wconf 80' lang='lat' dir='ltr'>rx.</span> <span class='ocrx_word' id='word_1_3' title='bbox 605 379 719 429; x_wconf 73' lang='lat' dir='ltr'>CONON.</span> <span class='ocrx_word' id='word_1_4' title='bbox 739 379 763 427; x_wconf 81' lang='lat' dir='ltr'>i.</span> <span class='ocrx_word' id='word_1_5' title='bbox 783 379 807 428; x_wconf 77' lang='lat' dir='ltr'>a.</span> 
     </span>
    </p>
   </div>
   <div class='ocr_carea' id='block_1_2' title="bbox 109 469 1142 3735">
    <p class='ocr_par' dir='ltr' id='par_1_2' title="bbox 211 469 1142 724">
     <span class='ocr_line' id='line_1_2' title="bbox 215 469 1140 556; baseline -0.008 -18"><span class='ocrx_word' id='word_1_6' title='bbox 215 475 317 539; x_wconf 80' lang='lat' dir='ltr'>coieris</span> <span class='ocrx_word' id='word_1_7' title='bbox 337 472 469 556; x_wconf 70' lang='lat' dir='ltr'>penitius</span> <span class='ocrx_word' id='word_1_8' title='bbox 485 477 632 556; x_wconf 82' lang='lat' dir='ltr'>imperare</span> <span class='ocrx_word' id='word_1_9' title='bbox 653 475 809 550; x_wconf 78' lang='lat' dir='ltr'>consuerii,</span> <span class='ocrx_word' id='word_1_10' title='bbox 831 473 931 554; x_wconf 80' lang='lat' dir='ltr'>potius</span> <span class='ocrx_word' id='word_1_11' title='bbox 945 469 1140 533; x_wconf 80' lang='lat' dir='ltr'>barbarorum</span> 
     </span>
     <span class='ocr_line' id='line_1_3' title="bbox 211 566 1142 653; baseline -0.008 -22"><span class='ocrx_word' id='word_1_12' title='bbox 211 589 300 653; x_wconf 83' lang='lat' dir='ltr'>quara</span> <span class='ocrx_word' id='word_1_13' title='bbox 309 570 390 632; x_wconf 80' lang='lat' dir='ltr'>iilius</span> <span class='ocrx_word' id='word_1_14' title='bbox 401 589 482 630; x_wconf 85' lang='lat' dir='ltr'>more</span> <span class='ocrx_word' id='word_1_15' title='bbox 488 567 611 650; x_wconf 76' lang='lat' dir='ltr'>suaper.</span> <span class='ocrx_word' id='word_1_16' title='bbox 620 570 725 648; x_wconf 90' lang='lat' dir='ltr'>Iiaque</span> <span class='ocrx_word' id='word_1_17' title='bbox 734 587 811 647; x_wconf 88' lang='lat' dir='ltr'>quae</span> <span class='ocrx_word' id='word_1_18' title='bbox 823 566 1023 629; x_wconf 84' lang='lat' dir='ltr'>huiovoIebai</span> <span class='ocrx_word' id='word_1_19' title='bbox 1032 566 1142 644; x_wconf 84' lang='lat' dir='ltr'>scripio</span> 
     </span>
     <span class='ocr_line' id='line_1_4' title="bbox 211 663 791 724; baseline -0.005 0"><span class='ocrx_word' id='word_1_20' title='bbox 211 663 347 724; x_wconf 86' lang='lat' dir='ltr'>iradidii.</span> <span class='ocrx_word' id='word_1_21' title='bbox 786 679 791 686; x_wconf 87' lang='lat'><em>·</em></span> 
     </span>
    </p>

    <p class='ocr_par' dir='ltr' id='par_1_3' title="bbox 186 753 1141 1018">
     <span class='ocr_line' id='line_1_5' title="bbox 186 753 1138 834; baseline 0 -23"><span class='ocrx_word' id='word_1_22' title='bbox 186 770 193 811; x_wconf 86' lang='grc' dir='ltr'>ι</span> <span class='ocrx_word' id='word_1_23' title='bbox 250 756 415 827; x_wconf 50' lang='lat' dir='ltr'>monibus</span> <span class='ocrx_word' id='word_1_24' title='bbox 429 755 556 834; x_wconf 82' lang='lat' dir='ltr'>cogniiis</span> <span class='ocrx_word' id='word_1_25' title='bbox 570 759 750 814; x_wconf 86' lang='lat' dir='ltr'>rexiauinm</span> <span class='ocrx_word' id='word_1_26' title='bbox 762 753 939 814; x_wconf 88' lang='lat' dir='ltr'>aucioriiaic</span> <span class='ocrx_word' id='word_1_27' title='bbox 954 753 1022 831; x_wconf 86' lang='lat' dir='ltr'>ejus</span> <span class='ocrx_word' id='word_1_28' title='bbox 1038 757 1138 812; x_wconf 84' lang='lat' dir='ltr'>moins</span> 
     </span>
     <span class='ocr_line' id='line_1_6' title="bbox 210 844 1141 926; baseline -0.005 -17"><span class='ocrx_word' id='word_1_29' title='bbox 210 854 266 921; x_wconf 89' lang='lat' dir='ltr'>esi,</span> <span class='ocrx_word' id='word_1_30' title='bbox 283 854 319 908; x_wconf 91' lang='lat' dir='ltr'>ui</span> <span class='ocrx_word' id='word_1_31' title='bbox 338 854 368 909; x_wconf 87' lang='lat' dir='ltr'>ei</span> <span class='ocrx_word' id='word_1_32' title='bbox 382 848 618 926; x_wconf 78' lang='lat' dir='ltr'><strong>Tissaphernem</strong></span> <span class='ocrx_word' id='word_1_33' title='bbox 635 844 764 907; x_wconf 87' lang='lat' dir='ltr'>&#39;bosiem</span> <span class='ocrx_word' id='word_1_34' title='bbox 784 846 927 924; x_wconf 86' lang='lat' dir='ltr'>judicarii</span> <span class='ocrx_word' id='word_1_35' title='bbox 942 851 972 906; x_wconf 85' lang='lat' dir='ltr'>ei</span> <span class='ocrx_word' id='word_1_36' title='bbox 994 846 1141 906; x_wconf 88' lang='lat' dir='ltr'>Lacedae·</span> 
     </span>
     <span class='ocr_line' id='line_1_7' title="bbox 210 939 1139 1018; baseline -0.002 -18"><span class='ocrx_word' id='word_1_37' title='bbox 210 941 327 1002; x_wconf 86' lang='lat' dir='ltr'>menies</span> <span class='ocrx_word' id='word_1_38' title='bbox 350 941 430 1000; x_wconf 85' lang='lat' dir='ltr'>bello</span> <span class='ocrx_word' id='word_1_39' title='bbox 449 941 589 1018; x_wconf 76' lang='lat' dir='ltr'>persequi</span> <span class='ocrx_word' id='word_1_40' title='bbox 599 939 735 1018; x_wconf 84' lang='lat' dir='ltr'>jusserii,</span> <span class='ocrx_word' id='word_1_41' title='bbox 761 945 791 999; x_wconf 88' lang='lat' dir='ltr'>ei</span> <span class='ocrx_word' id='word_1_42' title='bbox 813 939 840 999; x_wconf 91' lang='lat' dir='ltr'>ei</span> <span class='ocrx_word' id='word_1_43' title='bbox 861 939 1035 1017; x_wconf 80' lang='lat' dir='ltr'>permiserit</span> <span class='ocrx_word' id='word_1_44' title='bbox 1049 957 1139 1017; x_wconf 86' lang='lat' dir='ltr'>quern</span> 
     </span>
    </p>

    <p class='ocr_par' dir='ltr' id='par_1_4' title="bbox 134 1032 1139 1291">
     <span class='ocr_line' id='line_1_8' title="bbox 134 1032 1139 1112; baseline -0.006 -15"><span class='ocrx_word' id='word_1_45' title='bbox 134 1092 138 1097; x_wconf 91' lang='lat'><em>.</em></span> <span class='ocrx_word' id='word_1_46' title='bbox 210 1034 302 1094; x_wconf 83' lang='lat' dir='ltr'>veilei</span> <span class='ocrx_word' id='word_1_47' title='bbox 316 1034 426 1112; x_wconf 78' lang='lat' dir='ltr'>eligere</span> <span class='ocrx_word' id='word_1_48' title='bbox 441 1034 478 1092; x_wconf 89' lang='lat' dir='ltr'>ad</span> <span class='ocrx_word' id='word_1_49' title='bbox 503 1032 738 1110; x_wconf 75' lang='lat' dir='ltr'>dispensandam</span> <span class='ocrx_word' id='word_1_50' title='bbox 750 1032 922 1111; x_wconf 87' lang='lat' dir='ltr'>pecuniam.</span> <span class='ocrx_word' id='word_1_51' title='bbox 936 1032 1139 1091; x_wconf 89' lang='lat' dir='ltr'>Idarbiirium</span> 
     </span>
     <span class='ocr_line' id='line_1_9' title="bbox 211 1123 1139 1206; baseline -0.003 -19"><span class='ocrx_word' id='word_1_52' title='bbox 211 1128 311 1187; x_wconf 87' lang='lat' dir='ltr'>Conon</span> <span class='ocrx_word' id='word_1_53' title='bbox 328 1126 448 1206; x_wconf 76' lang='lat' dir='ltr'>negavit</span> <span class='ocrx_word' id='word_1_54' title='bbox 465 1126 512 1186; x_wconf 89' lang='lat' dir='ltr'>sui</span> <span class='ocrx_word' id='word_1_55' title='bbox 527 1145 591 1186; x_wconf 89' lang='lat' dir='ltr'>esse</span> <span class='ocrx_word' id='word_1_56' title='bbox 612 1126 742 1195; x_wconf 78' lang='lat' dir='ltr'>consilii,</span> <span class='ocrx_word' id='word_1_57' title='bbox 765 1126 817 1186; x_wconf 83' lang='lat' dir='ltr'>sed</span> <span class='ocrx_word' id='word_1_58' title='bbox 836 1125 941 1204; x_wconf 79' lang='lat' dir='ltr'>ipsius,</span> <span class='ocrx_word' id='word_1_59' title='bbox 959 1123 1010 1202; x_wconf 87' lang='lat' dir='ltr'>qui</span> <span class='ocrx_word' id='word_1_60' title='bbox 1027 1124 1139 1203; x_wconf 87' lang='lat' dir='ltr'>opiime</span> 
     </span>
     <span class='ocr_line' id='line_1_10' title="bbox 211 1218 1139 1291; baseline -0.001 -11"><span class='ocrx_word' id='word_1_61' title='bbox 211 1239 280 1280; x_wconf 88' lang='lat' dir='ltr'>snos</span> <span class='ocrx_word' id='word_1_62' title='bbox 295 1239 381 1280; x_wconf 87' lang='lat' dir='ltr'>nosse</span> <span class='ocrx_word' id='word_1_63' title='bbox 401 1220 544 1291; x_wconf 84' lang='lat' dir='ltr'>deberei3</span> <span class='ocrx_word' id='word_1_64' title='bbox 565 1220 617 1279; x_wconf 85' lang='lat' dir='ltr'>scd</span> <span class='ocrx_word' id='word_1_65' title='bbox 633 1238 663 1279; x_wconf 93' lang='lat' dir='ltr'>se</span> <span class='ocrx_word' id='word_1_66' title='bbox 679 1219 805 1279; x_wconf 88' lang='lat' dir='ltr'>suadere</span> <span class='ocrx_word' id='word_1_67' title='bbox 822 1218 1018 1278; x_wconf 68' lang='lat' dir='ltr'>Pharnabazo</span> <span class='ocrx_word' id='word_1_68' title='bbox 1042 1218 1071 1277; x_wconf 86' lang='lat' dir='ltr'>id</span> <span class='ocrx_word' id='word_1_69' title='bbox 1086 1237 1139 1279; x_wconf 89' lang='lat' dir='ltr'>nc·</span> 
     </span>
    </p>

    <p class='ocr_par' dir='ltr' id='par_1_5' title="bbox 184 1310 1139 1392">
     <span class='ocr_line' id='line_1_11' title="bbox 184 1310 1139 1392; baseline -0.004 -18"><span class='ocrx_word' id='word_1_70' title='bbox 184 1313 285 1392; x_wconf 71' lang='lat' dir='ltr'>ogoiii</span> <span class='ocrx_word' id='word_1_71' title='bbox 297 1314 392 1373; x_wconf 86' lang='lat' dir='ltr'>darei.</span> <span class='ocrx_word' id='word_1_72' title='bbox 407 1313 494 1384; x_wconf 90' lang='lat' dir='ltr'>Hinc,</span> <span class='ocrx_word' id='word_1_73' title='bbox 511 1311 630 1389; x_wconf 79' lang='lat' dir='ltr'>magnis</span> <span class='ocrx_word' id='word_1_74' title='bbox 646 1311 826 1370; x_wconf 89' lang='lat' dir='ltr'>muneribus</span> <span class='ocrx_word' id='word_1_75' title='bbox 839 1311 980 1378; x_wconf 76' lang='lat' dir='ltr'>(lorraine,</span> <span class='ocrx_word' id='word_1_76' title='bbox 997 1310 1035 1370; x_wconf 91' lang='lat' dir='ltr'>ad</span> <span class='ocrx_word' id='word_1_77' title='bbox 1057 1329 1139 1370; x_wconf 88' lang='lat' dir='ltr'>marc</span> 
     </span>
    </p>

    <p class='ocr_par' dir='ltr' id='par_1_6' title="bbox 109 1403 1138 2044">
     <span class='ocr_line' id='line_1_12' title="bbox 109 1403 1138 1484; baseline -0.005 -17"><span class='ocrx_word' id='word_1_78' title='bbox 109 1436 119 1447; x_wconf 76' lang='lat'>=</span> <span class='ocrx_word' id='word_1_79' title='bbox 211 1413 255 1467; x_wconf 86' lang='lat' dir='ltr'>esi</span> <span class='ocrx_word' id='word_1_80' title='bbox 271 1407 397 1475; x_wconf 85' lang='lat' dir='ltr'>missus,</span> <span class='ocrx_word' id='word_1_81' title='bbox 410 1410 443 1464; x_wconf 90' lang='lat' dir='ltr'>ni</span> <span class='ocrx_word' id='word_1_82' title='bbox 460 1405 576 1484; x_wconf 80' lang='lat' dir='ltr'>Cypriis</span> <span class='ocrx_word' id='word_1_83' title='bbox 591 1409 620 1463; x_wconf 91' lang='lat' dir='ltr'>ci</span> <span class='ocrx_word' id='word_1_84' title='bbox 640 1403 844 1465; x_wconf 83' lang='lat' dir='ltr'>Phoenicibus</span> <span class='ocrx_word' id='word_1_85' title='bbox 865 1404 1033 1482; x_wconf 83' lang='lat' dir='ltr'>ceierisque</span> <span class='ocrx_word' id='word_1_86' title='bbox 1047 1405 1138 1462; x_wconf 87' lang='lat' dir='ltr'>mari-</span> 
     </span>
     <span class='ocr_line' id='line_1_13' title="bbox 208 1497 1135 1576; baseline -0.004 -16"><span class='ocrx_word' id='word_1_87' title='bbox 208 1500 292 1560; x_wconf 88' lang='lat' dir='ltr'>iimis</span> <span class='ocrx_word' id='word_1_88' title='bbox 313 1499 486 1558; x_wconf 85' lang='lat' dir='ltr'>civiiaiibus</span> <span class='ocrx_word' id='word_1_89' title='bbox 502 1517 593 1557; x_wconf 88' lang='lat' dir='ltr'>naves</span> <span class='ocrx_word' id='word_1_90' title='bbox 615 1498 720 1576; x_wconf 82' lang='lat' dir='ltr'>longas</span> <span class='ocrx_word' id='word_1_91' title='bbox 737 1498 914 1576; x_wconf 85' lang='lat' dir='ltr'>irapcrarei,</span> <span class='ocrx_word' id='word_1_92' title='bbox 931 1497 1135 1575; x_wconf 86' lang='lat' dir='ltr'>classemque,</span> 
     </span>
     <span class='ocr_line' id='line_1_14' title="bbox 209 1592 1137 1672; baseline -0.001 -20"><span class='ocrx_word' id='word_1_93' title='bbox 209 1613 268 1671; x_wconf 89' lang='lat' dir='ltr'>qua</span> <span class='ocrx_word' id='word_1_94' title='bbox 280 1592 416 1672; x_wconf 84' lang='lat' dir='ltr'>proxima</span> <span class='ocrx_word' id='word_1_95' title='bbox 424 1597 535 1651; x_wconf 86' lang='lat' dir='ltr'>acsiaic</span> <span class='ocrx_word' id='word_1_96' title='bbox 547 1611 630 1651; x_wconf 87' lang='lat' dir='ltr'>mare</span> <span class='ocrx_word' id='word_1_97' title='bbox 643 1592 720 1651; x_wconf 90' lang='lat' dir='ltr'>iucri</span> <span class='ocrx_word' id='word_1_98' title='bbox 733 1596 843 1670; x_wconf 89' lang='lat' dir='ltr'>possei,</span> <span class='ocrx_word' id='word_1_99' title='bbox 857 1597 1056 1668; x_wconf 87' lang='lat' dir='ltr'>compararei,</span> <span class='ocrx_word' id='word_1_100' title='bbox 1069 1592 1137 1652; x_wconf 89' lang='lat' dir='ltr'>daio</span> 
     </span>
     <span class='ocr_line' id='line_1_15' title="bbox 180 1684 1137 1765; baseline 0 -21"><span class='ocrx_word' id='word_1_101' title='bbox 180 1687 345 1765; x_wconf 65' lang='lat' dir='ltr'>aarijniorc</span> <span class='ocrx_word' id='word_1_102' title='bbox 361 1685 574 1755; x_wconf 78' lang='lat' dir='ltr'>Pharnabazo,</span> <span class='ocrx_word' id='word_1_103' title='bbox 600 1684 678 1744; x_wconf 83' lang='lat' dir='ltr'>sicui</span> <span class='ocrx_word' id='word_1_104' title='bbox 697 1685 759 1763; x_wconf 79' lang='lat' dir='ltr'>ipse</span> <span class='ocrx_word' id='word_1_105' title='bbox 780 1685 927 1743; x_wconf 86' lang='lat' dir='ltr'>voluerai.</span> <span class='ocrx_word' id='word_1_106' title='bbox 950 1685 985 1744; x_wconf 87' lang='lat' dir='ltr'>Id</span> <span class='ocrx_word' id='word_1_107' title='bbox 1000 1690 1036 1744; x_wconf 89' lang='lat' dir='ltr'>ut</span> <span class='ocrx_word' id='word_1_108' title='bbox 1051 1687 1137 1745; x_wconf 87' lang='lat' dir='ltr'>Lace·</span> 
     </span>
     <span class='ocr_line' id='line_1_16' title="bbox 208 1777 1137 1848; baseline -0.003 -9"><span class='ocrx_word' id='word_1_109' title='bbox 208 1778 375 1839; x_wconf 87' lang='lat' dir='ltr'>daemoniis</span> <span class='ocrx_word' id='word_1_110' title='bbox 388 1783 431 1837; x_wconf 85' lang='lat' dir='ltr'>esi</span> <span class='ocrx_word' id='word_1_111' title='bbox 446 1778 639 1848; x_wconf 77' lang='lat' dir='ltr'>hauheinai,</span> <span class='ocrx_word' id='word_1_112' title='bbox 667 1796 728 1836; x_wconf 92' lang='lat' dir='ltr'>non</span> <span class='ocrx_word' id='word_1_113' title='bbox 743 1777 806 1837; x_wconf 88' lang='lat' dir='ltr'>sine</span> <span class='ocrx_word' id='word_1_114' title='bbox 825 1796 897 1836; x_wconf 89' lang='lat' dir='ltr'>cura</span> <span class='ocrx_word' id='word_1_115' title='bbox 918 1797 982 1837; x_wconf 88' lang='lat' dir='ltr'>reru</span> <span class='ocrx_word' id='word_1_116' title='bbox 1007 1778 1137 1838; x_wconf 89' lang='lat' dir='ltr'>admini-</span> 
     </span>
     <span class='ocr_line' id='line_1_17' title="bbox 209 1871 1137 1950; baseline 0 -18"><span class='ocrx_word' id='word_1_117' title='bbox 209 1879 323 1943; x_wconf 86' lang='lat' dir='ltr'>siraui,</span> <span class='ocrx_word' id='word_1_118' title='bbox 350 1872 429 1950; x_wconf 90' lang='lat' dir='ltr'>qnod</span> <span class='ocrx_word' id='word_1_119' title='bbox 455 1872 553 1949; x_wconf 83' lang='lat' dir='ltr'>majus</span> <span class='ocrx_word' id='word_1_120' title='bbox 580 1872 695 1931; x_wconf 86' lang='lat' dir='ltr'>beilum</span> <span class='ocrx_word' id='word_1_121' title='bbox 718 1871 878 1931; x_wconf 78' lang='lat' dir='ltr'>imminere</span> <span class='ocrx_word' id='word_1_122' title='bbox 911 1872 1137 1932; x_wconf 88' lang='lat' dir='ltr'>arhiirabaniur</span> 
     </span>
     <span class='ocr_line' id='line_1_18' title="bbox 208 1954 1135 2044; baseline -0.001 -20"><span class='ocrx_word' id='word_1_123' title='bbox 208 1985 300 2044; x_wconf 89' lang='lat' dir='ltr'>quarn</span> <span class='ocrx_word' id='word_1_124' title='bbox 316 1964 339 2024; x_wconf 90' lang='lat' dir='ltr'>si</span> <span class='ocrx_word' id='word_1_125' title='bbox 352 1983 421 2023; x_wconf 90' lang='lat' dir='ltr'>cum</span> <span class='ocrx_word' id='word_1_126' title='bbox 434 1964 562 2024; x_wconf 87' lang='lat' dir='ltr'>barbaro</span> <span class='ocrx_word' id='word_1_127' title='bbox 577 1965 675 2023; x_wconf 84' lang='lat' dir='ltr'>solum</span> <span class='ocrx_word' id='word_1_128' title='bbox 692 1964 927 2024; x_wconf 89' lang='lat' dir='ltr'>conieudereni:</span> <span class='ocrx_word' id='word_1_129' title='bbox 946 1983 1016 2023; x_wconf 88' lang='lat' dir='ltr'>uam</span> <span class='ocrx_word' id='word_1_130' title='bbox 1027 1954 1135 2024; x_wconf 84' lang='lat' dir='ltr'>duceru</span> 
     </span>
    </p>

    <p class='ocr_par' dir='ltr' id='par_1_7' title="bbox 181 2046 1136 2230">
     <span class='ocr_line' id='line_1_19' title="bbox 181 2046 1136 2144; baseline -0.004 -24"><span class='ocrx_word' id='word_1_131' title='bbox 181 2046 183 2050; x_wconf 20' lang='lat'>⁸</span> <span class='ocrx_word' id='word_1_132' title='bbox 208 2062 329 2129; x_wconf 90' lang='lat' dir='ltr'>ioriem,</span> <span class='ocrx_word' id='word_1_133' title='bbox 345 2059 528 2138; x_wconf 85' lang='lat' dir='ltr'>prndcniern</span> <span class='ocrx_word' id='word_1_134' title='bbox 546 2058 626 2138; x_wconf 78' lang='lat' dir='ltr'>regis</span> <span class='ocrx_word' id='word_1_135' title='bbox 641 2059 749 2144; x_wconf 86' lang='lat' dir='ltr'>opibus</span> <span class='ocrx_word' id='word_1_136' title='bbox 763 2059 977 2136; x_wconf 87' lang='lat' dir='ltr'>praeiuiurum</span> <span class='ocrx_word' id='word_1_137' title='bbox 988 2076 1023 2117; x_wconf 88' lang='lat' dir='ltr'>ac</span> <span class='ocrx_word' id='word_1_138' title='bbox 1033 2076 1136 2118; x_wconf 89' lang='lat' dir='ltr'>secum</span> 
     </span>
     <span class='ocr_line' id='line_1_20' title="bbox 207 2146 1135 2230; baseline -0.002 -17"><span class='ocrx_word' id='word_1_139' title='bbox 207 2154 424 2213; x_wconf 86' lang='lat' dir='ltr'>dimicaiurum</span> <span class='ocrx_word' id='word_1_140' title='bbox 441 2152 596 2222; x_wconf 85' lang='lat' dir='ltr'>videbani,</span> <span class='ocrx_word' id='word_1_141' title='bbox 610 2146 705 2230; x_wconf 83' lang='lat' dir='ltr'>quem¹</span> <span class='ocrx_word' id='word_1_142' title='bbox 715 2171 813 2230; x_wconf 91' lang='lat' dir='ltr'>neque</span> <span class='ocrx_word' id='word_1_143' title='bbox 828 2150 951 2211; x_wconf 86' lang='lat' dir='ltr'>consilio</span> <span class='ocrx_word' id='word_1_144' title='bbox 966 2168 1066 2228; x_wconf 89' lang='lat' dir='ltr'>neque</span> <span class='ocrx_word' id='word_1_145' title='bbox 1087 2169 1135 2211; x_wconf 91' lang='lat' dir='ltr'>co-</span> 
     </span>
    </p>

    <p class='ocr_par' dir='ltr' id='par_1_8' title="bbox 180 2244 1135 2510">
     <span class='ocr_line' id='line_1_21' title="bbox 180 2244 1135 2326; baseline -0.006 -18"><span class='ocrx_word' id='word_1_146' title='bbox 180 2264 195 2308; x_wconf 72' lang='lat' dir='ltr'>i</span> <span class='ocrx_word' id='word_1_147' title='bbox 208 2247 265 2326; x_wconf 88' lang='lat' dir='ltr'>piis</span> <span class='ocrx_word' id='word_1_148' title='bbox 279 2265 421 2325; x_wconf 87' lang='lat' dir='ltr'>superare</span> <span class='ocrx_word' id='word_1_149' title='bbox 436 2250 571 2322; x_wconf 88' lang='lat' dir='ltr'>posseni.</span> <span class='ocrx_word' id='word_1_150' title='bbox 589 2248 650 2303; x_wconf 92' lang='lat' dir='ltr'>Hac</span> <span class='ocrx_word' id='word_1_151' title='bbox 665 2250 767 2305; x_wconf 89' lang='lat' dir='ltr'>menie</span> <span class='ocrx_word' id='word_1_152' title='bbox 789 2263 931 2322; x_wconf 82' lang='lat' dir='ltr'>maguam</span> <span class='ocrx_word' id='word_1_153' title='bbox 953 2244 1135 2303; x_wconf 85' lang='lat' dir='ltr'>eonirahuni</span> 
     </span>
     <span class='ocr_line' id='line_1_22' title="bbox 208 2337 1134 2418; baseline -0.004 -18"><span class='ocrx_word' id='word_1_154' title='bbox 208 2342 331 2400; x_wconf 87' lang='lat' dir='ltr'>classem</span> <span class='ocrx_word' id='word_1_155' title='bbox 345 2359 351 2406; x_wconf 89' lang='grc'>;</span> <span class='ocrx_word' id='word_1_156' title='bbox 364 2338 598 2418; x_wconf 75' lang='lat' dir='ltr'>proficiscuntur</span> <span class='ocrx_word' id='word_1_157' title='bbox 610 2338 756 2396; x_wconf 81' lang='lat' dir='ltr'>Pisandro</span> <span class='ocrx_word' id='word_1_158' title='bbox 767 2338 855 2397; x_wconf 88' lang='lat' dir='ltr'>duco.</span> <span class='ocrx_word' id='word_1_159' title='bbox 869 2339 930 2397; x_wconf 86' lang='lat' dir='ltr'>Hos</span> <span class='ocrx_word' id='word_1_160' title='bbox 945 2338 1046 2397; x_wconf 88' lang='lat' dir='ltr'>Conon</span> <span class='ocrx_word' id='word_1_161' title='bbox 1055 2337 1134 2414; x_wconf 85' lang='lat' dir='ltr'>apud</span> 
     </span>
     <span class='ocr_line' id='line_1_23' title="bbox 209 2430 1135 2510; baseline -0.004 -16"><span class='ocrx_word' id='word_1_162' title='bbox 209 2434 337 2495; x_wconf 88' lang='lat' dir='ltr'>Cnidum</span> <span class='ocrx_word' id='word_1_163' title='bbox 349 2433 473 2492; x_wconf 86' lang='lat' dir='ltr'>odarius</span> <span class='ocrx_word' id='word_1_164' title='bbox 487 2450 598 2510; x_wconf 79' lang='lat' dir='ltr'>niagno</span> <span class='ocrx_word' id='word_1_165' title='bbox 613 2430 726 2510; x_wconf 83' lang='lat' dir='ltr'>proelio</span> <span class='ocrx_word' id='word_1_166' title='bbox 741 2432 837 2509; x_wconf 83' lang='lat' dir='ltr'>fugai,</span> <span class='ocrx_word' id='word_1_167' title='bbox 854 2431 965 2490; x_wconf 86' lang='lat' dir='ltr'>mulius</span> <span class='ocrx_word' id='word_1_168' title='bbox 979 2448 1073 2490; x_wconf 87' lang='lat' dir='ltr'>noves</span> <span class='ocrx_word' id='word_1_169' title='bbox 1087 2449 1135 2490; x_wconf 90' lang='lat' dir='ltr'>ca-</span> 
     </span>
    </p>

    <p class='ocr_par' dir='ltr' id='par_1_9' title="bbox 139 2523 1134 3164">
     <span class='ocr_line' id='line_1_24' title="bbox 142 2523 1134 2606; baseline -0.015 -9"><span class='ocrx_word' id='word_1_170' title='bbox 142 2536 196 2597; x_wconf 80' lang='lat' dir='ltr'>iiii</span> <span class='ocrx_word' id='word_1_171' title='bbox 207 2526 262 2606; x_wconf 84' lang='lat' dir='ltr'>pii,</span> <span class='ocrx_word' id='word_1_172' title='bbox 278 2526 449 2605; x_wconf 83' lang='lat' dir='ltr'>complures</span> <span class='ocrx_word' id='word_1_173' title='bbox 461 2524 614 2603; x_wconf 89' lang='lat' dir='ltr'>deprimii.</span> <span class='ocrx_word' id='word_1_174' title='bbox 633 2524 699 2594; x_wconf 80' lang='lat' dir='ltr'>Oua</span> <span class='ocrx_word' id='word_1_175' title='bbox 712 2523 837 2582; x_wconf 85' lang='lat' dir='ltr'>vicioria</span> <span class='ocrx_word' id='word_1_176' title='bbox 851 2542 911 2582; x_wconf 91' lang='lat' dir='ltr'>nou</span> <span class='ocrx_word' id='word_1_177' title='bbox 927 2523 1026 2582; x_wconf 86' lang='lat' dir='ltr'>solum</span> <span class='ocrx_word' id='word_1_178' title='bbox 1042 2524 1134 2582; x_wconf 54' lang='lat' dir='ltr'>[iihe-</span> 
     </span>
     <span class='ocr_line' id='line_1_25' title="bbox 206 2617 1134 2696; baseline -0.001 -18"><span class='ocrx_word' id='word_1_179' title='bbox 206 2639 281 2691; x_wconf 90' lang='lat' dir='ltr'>nae,</span> <span class='ocrx_word' id='word_1_180' title='bbox 303 2620 355 2679; x_wconf 88' lang='lat' dir='ltr'>sed</span> <span class='ocrx_word' id='word_1_181' title='bbox 376 2619 468 2678; x_wconf 89' lang='lat' dir='ltr'>eiiam</span> <span class='ocrx_word' id='word_1_182' title='bbox 484 2623 594 2676; x_wconf 91' lang='lat' dir='ltr'>cuncia</span> <span class='ocrx_word' id='word_1_183' title='bbox 617 2618 751 2688; x_wconf 81' lang='lat' dir='ltr'>Graecia,</span> <span class='ocrx_word' id='word_1_184' title='bbox 768 2637 845 2696; x_wconf 88' lang='lat' dir='ltr'>quae</span> <span class='ocrx_word' id='word_1_185' title='bbox 860 2617 917 2677; x_wconf 91' lang='lat' dir='ltr'>sub</span> <span class='ocrx_word' id='word_1_186' title='bbox 935 2617 1134 2677; x_wconf 87' lang='lat' dir='ltr'>Lacedaemo·</span> 
     </span>
     <span class='ocr_line' id='line_1_26' title="bbox 179 2696 1134 2788; baseline -0.001 -18"><span class='ocrx_word' id='word_1_187' title='bbox 179 2713 329 2780; x_wconf 59' lang='lat' dir='ltr'>saniorum</span> <span class='ocrx_word' id='word_1_188' title='bbox 344 2712 444 2770; x_wconf 85' lang='lat' dir='ltr'>iuerat</span> <span class='ocrx_word' id='word_1_189' title='bbox 458 2710 601 2788; x_wconf 89' lang='lat' dir='ltr'>imperio,</span> <span class='ocrx_word' id='word_1_190' title='bbox 623 2710 750 2768; x_wconf 87' lang='lat' dir='ltr'>liheraia</span> <span class='ocrx_word' id='word_1_191' title='bbox 766 2715 821 2769; x_wconf 88' lang='lat' dir='ltr'>esi.</span> <span class='ocrx_word' id='word_1_192' title='bbox 846 2711 947 2770; x_wconf 88' lang='lat' dir='ltr'>Conon</span> <span class='ocrx_word' id='word_1_193' title='bbox 963 2696 1036 2767; x_wconf 86' lang='lat' dir='ltr'>cum</span> <span class='ocrx_word' id='word_1_194' title='bbox 1050 2715 1134 2787; x_wconf 89' lang='lat' dir='ltr'>parie</span> 
     </span>
     <span class='ocr_line' id='line_1_27' title="bbox 206 2803 1132 2883; baseline -0.001 -18"><span class='ocrx_word' id='word_1_195' title='bbox 206 2806 331 2865; x_wconf 89' lang='lat' dir='ltr'>navium</span> <span class='ocrx_word' id='word_1_196' title='bbox 349 2805 378 2864; x_wconf 91' lang='lat' dir='ltr'>iu</span> <span class='ocrx_word' id='word_1_197' title='bbox 396 2804 524 2883; x_wconf 88' lang='lat' dir='ltr'>pairiam</span> <span class='ocrx_word' id='word_1_198' title='bbox 550 2804 643 2873; x_wconf 89' lang='lat' dir='ltr'>venii,</span> <span class='ocrx_word' id='word_1_199' title='bbox 671 2822 775 2862; x_wconf 88' lang='lat' dir='ltr'>muros</span> <span class='ocrx_word' id='word_1_200' title='bbox 797 2803 945 2863; x_wconf 83' lang='lat' dir='ltr'>diruiosa</span> <span class='ocrx_word' id='word_1_201' title='bbox 965 2803 1132 2881; x_wconf 68' lang='lat' dir='ltr'>Lysandro</span> 
     </span>
     <span class='ocr_line' id='line_1_28' title="bbox 139 2896 1134 2976; baseline -0.001 -18"><span class='ocrx_word' id='word_1_202' title='bbox 139 2902 196 2960; x_wconf 78' lang='lat'>393</span> <span class='ocrx_word' id='word_1_203' title='bbox 212 2905 358 2976; x_wconf 85' lang='lat' dir='ltr'>uirosque</span> <span class='ocrx_word' id='word_1_204' title='bbox 382 2903 412 2958; x_wconf 91' lang='lat' dir='ltr'>ei</span> <span class='ocrx_word' id='word_1_205' title='bbox 436 2896 536 2956; x_wconf 84' lang='lat' dir='ltr'>Piraei</span> <span class='ocrx_word' id='word_1_206' title='bbox 575 2902 605 2956; x_wconf 90' lang='lat' dir='ltr'>ei</span> <span class='ocrx_word' id='word_1_207' title='bbox 630 2898 830 2967; x_wconf 82' lang='lat' dir='ltr'>Aihenarum,</span> <span class='ocrx_word' id='word_1_208' title='bbox 846 2896 1025 2955; x_wconf 84' lang='lat' dir='ltr'>reficiendos</span> <span class='ocrx_word' id='word_1_209' title='bbox 1048 2903 1134 2957; x_wconf 81' lang='lat' dir='ltr'>curat</span> 
     </span>
     <span class='ocr_line' id='line_1_29' title="bbox 206 2990 1134 3071; baseline 0 -20"><span class='ocrx_word' id='word_1_210' title='bbox 206 2993 413 3071; x_wconf 80' lang='lat' dir='ltr'>pecuniaeque</span> <span class='ocrx_word' id='word_1_211' title='bbox 428 2991 651 3068; x_wconf 87' lang='lat' dir='ltr'>qninquaginia</span> <span class='ocrx_word' id='word_1_212' title='bbox 667 2992 790 3062; x_wconf 78' lang='lat' dir='ltr'>talenia,</span> <span class='ocrx_word' id='word_1_213' title='bbox 808 3009 916 3067; x_wconf 88' lang='lat' dir='ltr'>quaea</span> <span class='ocrx_word' id='word_1_214' title='bbox 938 2990 1134 3050; x_wconf 78' lang='lat' dir='ltr'>Pharnabazo</span> 
     </span>
     <span class='ocr_line' id='line_1_30' title="bbox 210 3083 700 3164; baseline -0.004 -19"><span class='ocrx_word' id='word_1_215' title='bbox 210 3090 376 3164; x_wconf 87' lang='lat' dir='ltr'>acceperai,</span> <span class='ocrx_word' id='word_1_216' title='bbox 390 3083 507 3142; x_wconf 90' lang='lat' dir='ltr'>civibus</span> <span class='ocrx_word' id='word_1_217' title='bbox 522 3084 584 3142; x_wconf 89' lang='lat' dir='ltr'>suis</span> <span class='ocrx_word' id='word_1_218' title='bbox 598 3084 700 3144; x_wconf 84' lang='lat' dir='ltr'>danai.</span> 
     </span>
    </p>

    <p class='ocr_par' dir='ltr' id='par_1_10' title="bbox 181 3178 1133 3545">
     <span class='ocr_line' id='line_1_31' title="bbox 181 3178 1133 3257; baseline 0.001 -20"><span class='ocrx_word' id='word_1_219' title='bbox 181 3207 191 3251; x_wconf 84' lang='lat'>¹</span> <span class='ocrx_word' id='word_1_220' title='bbox 250 3184 288 3238; x_wconf 77' lang='lat'>5.</span> <span class='ocrx_word' id='word_1_221' title='bbox 304 3179 419 3239; x_wconf 87' lang='lat' dir='ltr'>Accidii</span> <span class='ocrx_word' id='word_1_222' title='bbox 433 3178 516 3248; x_wconf 90' lang='lat' dir='ltr'>huic,</span> <span class='ocrx_word' id='word_1_223' title='bbox 530 3179 611 3257; x_wconf 91' lang='lat' dir='ltr'>quod</span> <span class='ocrx_word' id='word_1_224' title='bbox 626 3180 732 3239; x_wconf 86' lang='lat' dir='ltr'>coieris</span> <span class='ocrx_word' id='word_1_225' title='bbox 746 3179 940 3249; x_wconf 77' lang='lat' dir='ltr'>morialihuS,</span> <span class='ocrx_word' id='word_1_226' title='bbox 954 3184 989 3237; x_wconf 89' lang='lat' dir='ltr'>ui</span> <span class='ocrx_word' id='word_1_227' title='bbox 1005 3178 1133 3240; x_wconf 89' lang='lat' dir='ltr'>inconsi-</span> 
     </span>
     <span class='ocr_line' id='line_1_32' title="bbox 204 3274 1132 3353; baseline 0 -17"><span class='ocrx_word' id='word_1_228' title='bbox 204 3274 334 3336; x_wconf 85' lang='lat' dir='ltr'>deraiior</span> <span class='ocrx_word' id='word_1_229' title='bbox 349 3275 380 3334; x_wconf 91' lang='lat' dir='ltr'>in</span> <span class='ocrx_word' id='word_1_230' title='bbox 395 3276 626 3353; x_wconf 85' lang='lat' dir='ltr'>secundaquam</span> <span class='ocrx_word' id='word_1_231' title='bbox 639 3276 669 3334; x_wconf 89' lang='lat' dir='ltr'>in</span> <span class='ocrx_word' id='word_1_232' title='bbox 682 3276 808 3336; x_wconf 88' lang='lat' dir='ltr'>adversa</span> <span class='ocrx_word' id='word_1_233' title='bbox 817 3281 893 3336; x_wconf 66' lang='lat' dir='ltr'>esaei</span> <span class='ocrx_word' id='word_1_234' title='bbox 910 3277 1032 3335; x_wconf 86' lang='lat' dir='ltr'>ioriuna</span> <span class='ocrx_word' id='word_1_235' title='bbox 1044 3295 1050 3334; x_wconf 89' lang='lat'>:</span> <span class='ocrx_word' id='word_1_236' title='bbox 1061 3295 1132 3336; x_wconf 90' lang='lat' dir='ltr'>nam</span> 
     </span>
     <span class='ocr_line' id='line_1_33' title="bbox 205 3371 1132 3450; baseline 0.001 -19"><span class='ocrx_word' id='word_1_237' title='bbox 205 3373 297 3432; x_wconf 84' lang='lat' dir='ltr'>classe</span> <span class='ocrx_word' id='word_1_238' title='bbox 321 3371 610 3449; x_wconf 87' lang='lat' dir='ltr'>Peloponnesiorum</span> <span class='ocrx_word' id='word_1_239' title='bbox 635 3371 770 3440; x_wconf 83' lang='lat' dir='ltr'>devicia,</span> <span class='ocrx_word' id='word_1_240' title='bbox 801 3391 871 3430; x_wconf 87' lang='lat' dir='ltr'>cnm</span> <span class='ocrx_word' id='word_1_241' title='bbox 888 3372 986 3430; x_wconf 88' lang='lat' dir='ltr'>uiinm</span> <span class='ocrx_word' id='word_1_242' title='bbox 1007 3391 1038 3431; x_wconf 82' lang='lat' dir='ltr'>sc</span> <span class='ocrx_word' id='word_1_243' title='bbox 1054 3371 1132 3450; x_wconf 87' lang='lat' dir='ltr'>inju-</span> 
     </span>
     <span class='ocr_line' id='line_1_34' title="bbox 206 3466 1130 3545; baseline 0.001 -20"><span class='ocrx_word' id='word_1_244' title='bbox 206 3467 265 3525; x_wconf 89' lang='lat' dir='ltr'>rias</span> <span class='ocrx_word' id='word_1_245' title='bbox 280 3466 393 3544; x_wconf 86' lang='lat' dir='ltr'>pairiae</span> <span class='ocrx_word' id='word_1_246' title='bbox 407 3471 538 3543; x_wconf 87' lang='lat' dir='ltr'>pniarci,</span> <span class='ocrx_word' id='word_1_247' title='bbox 554 3467 638 3543; x_wconf 87' lang='lat' dir='ltr'>plura</span> <span class='ocrx_word' id='word_1_248' title='bbox 651 3467 822 3544; x_wconf 77' lang='lat' dir='ltr'>concupirii</span> <span class='ocrx_word' id='word_1_249' title='bbox 839 3485 930 3543; x_wconf 86' lang='lat' dir='ltr'>qnam</span> <span class='ocrx_word' id='word_1_250' title='bbox 943 3466 1062 3525; x_wconf 86' lang='lat' dir='ltr'>eiiiecrc</span> <span class='ocrx_word' id='word_1_251' title='bbox 1079 3486 1130 3545; x_wconf 90' lang='lat' dir='ltr'>po-</span> 
     </span>
    </p>

    <p class='ocr_par' dir='ltr' id='par_1_11' title="bbox 179 3561 1137 3735">
     <span class='ocr_line' id='line_1_35' title="bbox 179 3561 1128 3639; baseline 0.002 -20"><span class='ocrx_word' id='word_1_252' title='bbox 179 3583 194 3629; x_wconf 75' lang='lat'>‘2</span> <span class='ocrx_word' id='word_1_253' title='bbox 208 3561 276 3619; x_wconf 89' lang='lat' dir='ltr'>iuii.</span> <span class='ocrx_word' id='word_1_254' title='bbox 294 3562 397 3637; x_wconf 80' lang='lat' dir='ltr'>Neque</span> <span class='ocrx_word' id='word_1_255' title='bbox 408 3566 507 3619; x_wconf 87' lang='lat' dir='ltr'>iumen</span> <span class='ocrx_word' id='word_1_256' title='bbox 517 3580 552 3618; x_wconf 92' lang='lat' dir='ltr'>ea</span> <span class='ocrx_word' id='word_1_257' title='bbox 563 3579 622 3618; x_wconf 91' lang='lat' dir='ltr'>non</span> <span class='ocrx_word' id='word_1_258' title='bbox 632 3561 681 3638; x_wconf 89' lang='lat' dir='ltr'>pia</span> <span class='ocrx_word' id='word_1_259' title='bbox 694 3567 722 3619; x_wconf 89' lang='lat' dir='ltr'>ei</span> <span class='ocrx_word' id='word_1_260' title='bbox 733 3561 886 3638; x_wconf 87' lang='lat' dir='ltr'>probanda</span> <span class='ocrx_word' id='word_1_261' title='bbox 901 3563 1037 3632; x_wconf 82' lang='lat' dir='ltr'>i&#39;ueruni,</span> <span class='ocrx_word' id='word_1_262' title='bbox 1050 3561 1128 3639; x_wconf 87' lang='lat' dir='ltr'>quod</span> 
     </span>
     <span class='ocr_line' id='line_1_36' title="bbox 206 3643 1137 3735; baseline -0.002 -21"><span class='ocrx_word' id='word_1_263' title='bbox 206 3654 505 3735; x_wconf 73' lang='lat' dir='ltr'>palinspairiaeopcs</span> <span class='ocrx_word' id='word_1_264' title='bbox 520 3653 623 3731; x_wconf 81' lang='lat' dir='ltr'>augeri</span> <span class='ocrx_word' id='word_1_265' title='bbox 636 3673 728 3731; x_wconf 89' lang='lat' dir='ltr'>qnam</span> <span class='ocrx_word' id='word_1_266' title='bbox 744 3654 822 3732; x_wconf 80' lang='lat' dir='ltr'>regis</span> <span class='ocrx_word' id='word_1_267' title='bbox 838 3654 957 3712; x_wconf 88' lang='lat' dir='ltr'>mainii.</span> <span class='ocrx_word' id='word_1_268' title='bbox 976 3657 1051 3713; x_wconf 87' lang='lat' dir='ltr'>h&#39;am</span> <span class='ocrx_word' id='word_1_269' title='bbox 1061 3643 1137 3719; x_wconf 67' lang='lat' dir='ltr'>eura</span> 
     </span>
    </p>
   </div>
   <div class='ocr_carea' id='block_1_3' title="bbox 0 0 1220 4110">
    <p class='ocr_par' dir='ltr' id='par_1_12' title="bbox 0 0 1220 4110">
     <span class='ocr_line' id='line_1_37' title="bbox 0 0 1220 4110; baseline 0 2"><span class='ocrx_word' id='word_1_270' title='bbox 0 0 1220 4110; x_wconf 95' lang='lat' dir='ltr'> </span> 
     </span>
    </p>
   </div>
  </div>
 </body>
</html>
