2430 4110
361 331 413 381 Vll.
433 332 631 382 ALCIBIADES.
651 336 675 383 3.
695 333 719 382 l.
966 333 1005 384 ‘23

121 427 162 488 8.
179 429 261 489 Bello
276 428 494 509 Peloponnesio
509 428 601 509 liujus
616 431 739 491 consilio
760 435 849 509 atque
872 432 1003 490 auctori·
1021 457 1030 502 l

79 527 142 582 tate
166 524 365 583 Athenienses
385 524 501 584 bellum
523 526 719 604 Syracusanis
747 525 940 597 indixerunt3
968 524 1068 584 adil?

78 614 1006 697 quodgerendumipseduxdelectusest,duopraetereacolle-

78 727 135 787 gae
147 709 534 781 dati,NiciaetLamachus
546 713 580 772 ld
595 732 665 772 cum
681 716 888 790 appararetur,
904 711 1003 789 prius·
1019 723 1034 768 2

79 819 173 878 quam
188 802 289 863 classis
310 804 420 877 exiret,
436 805 544 864 accidit
563 809 597 864 ut
614 825 674 863 una
696 810 783 865 nocte
805 822 910 864 omues
934 805 1006 862 Her·
1048 851 1050 855 ,

80 895 212 974 maequi
228 896 258 954 in
278 896 387 975 oppido
411 902 498 956 erant
512 898 867 976 Atlrcnis‚dejicerentur,
888 901 1006 976 praeter

81 991 254 1069 unum,qui
266 997 336 1050 ante
349 993 477 1069 januam
492 997 556 1051 erut
577 993 734 1052 Andocidi.
757 993 862 1070 ltaque
884 992 934 1051 ille
952 1010 1006 1070 po-

80 1085 321 1144 steaMercurius
332 1085 709 1146 Andocidisvocitatusest.
721 1089 784 1147 Hoc
798 1106 869 1145 cum
883 1093 1034 1164 apparo-3

81 1183 126 1237 ret
141 1198 202 1238 non
214 1179 279 1239 sine
292 1198 403 1258 magna
416 1180 583 1239 multorum
596 1181 791 1241 consensione
803 1199 866 1240 csse
879 1181 1004 1250 lactum,

81 1288 158 1347 quae
169 1290 230 1331 non
239 1270 443 1350 adprivalam,
456 1272 508 1332 sed
517 1273 671 1351 publicam
677 1292 741 1332 rem
750 1272 931 1351 pertineret,
944 1290 1006 1328 ma-

80 1384 160 1443 gnus
174 1365 461 1427 multitudinitimor
472 1374 517 1428 est
526 1369 666 1447 injectus,
676 1387 714 1428 ne
723 1387 784 1447 qua
793 1362 1005 1444 repentinavis

81 1458 112 1516 iu
134 1457 256 1520 civitate
275 1459 446 1532 exsisteret,
465 1480 542 1539 quae
566 1461 737 1522 libertatem
755 1459 939 1538 opprimeret
952 1474 1005 1534 po·

80 1554 156 1632 puli.
177 1556 240 1614 Hoc
254 1554 386 1613 maxime
401 1556 562 1615 convenire
583 1555 615 1615 in
629 1556 814 1622 Alcibiadem
826 1552 1002 1620 videbatur,
1018 1566 1033 1610 4

80 1649 161 1726 quod
176 1653 206 1708 et
219 1648 369 1727 potentior
382 1653 412 1707 et
427 1650 524 1726 major
538 1668 630 1726 quam
651 1650 787 1726 privatus
814 1643 1005 1706 existimaba·
1091 1665 1093 1670 ·

81 1746 141 1801 tur.
156 1741 268 1802 Multos
290 1741 372 1800 enim
391 1741 568 1801 liberalitate
584 1742 772 1812 devinxerat,
799 1741 901 1819 plures
915 1737 1005 1796 ctiam

79 1853 171 1912 opera
181 1833 291 1894 forensi
301 1853 371 1893 suos
385 1833 566 1893 reddiderat.
584 1836 695 1904 Quare
714 1833 806 1892 fiebat
818 1836 850 1890 ut
866 1828 1002 1889 omnium
1018 1835 1034 1880 5

79 1929 193 2000 oculos,
204 1928 454 2006 quotiescumque
464 1929 493 1986 in
506 1929 664 2007 publicum
675 1927 834 2006 prodisset,
847 1924 885 1983 ad
897 1941 927 1982 sc
936 1940 1005 1981 con-

80 2026 229 2092 verteret,
253 2040 352 2098 neque
366 2023 392 2080 ei
408 2041 462 2100 par
472 2021 632 2099 quisquam
651 2022 681 2079 in
697 2021 817 2080 civitate
829 2020 1001 2096 poneretur.

79 2116 186 2193 ltaque
200 2134 261 2174 non
275 2115 374 2174 solum
389 2134 473 2193 spem
489 2115 520 2172 in
540 2134 574 2174 eo
596 2114 746 2173 habebant
761 2113 936 2180 maximam,
952 2109 1005 2168 sed

78 2208 171 2268 etiam
181 2207 332 2278 timorem,
346 2208 571 2285 quodetobesse
582 2207 749 2285 plurimum
764 2211 792 2265 ct
806 2204 946 2282 prodesse
954 2221 1005 2280 po-

79 2306 168 2360 terat.
182 2295 407 2377 Aspergebatur
421 2301 512 2360 etiam
522 2299 645 2358 infamia
658 2300 777 2378 quodin
789 2299 878 2358 domo
890 2316 945 2356 sua
958 2298 1001 2356 fa·
1017 2300 1037 2349 ὓ.

78 2413 146 2454 cere
157 2393 301 2472 mysteria
313 2392 481 2463 dicebatur;
492 2393 573 2471 quod
582 2393 665 2451 nefas
674 2399 736 2451 erat
746 2411 828 2451 more
838 2389 1004 2450 Athenien-

78 2487 171 2557 sium,
187 2486 279 2563 idque
301 2504 362 2544 uon
376 2485 414 2544 ad
428 2485 624 2564 religionem,
640 2484 692 2543 sed
711 2485 752 2543 ad
763 2483 1003 2560 conjurationem

77 2580 231 2659 pertinere
241 2578 480 2638 existimabatur.

120 2678 161 2733 4.
189 2677 252 2733 Hoc
273 2673 399 2732 crimine
425 2672 456 2730 in
476 2670 619 2732 contione
639 2671 677 2730 ab
693 2670 823 2730 inimicis
841 2670 1028 2748 compella-t

77 2771 180 2830 batur.
197 2767 254 2828 Sed
271 2766 402 2834 instabat
415 2770 532 2844 tempus
548 2765 586 2824 ad
600 2765 716 2824 bellum
732 2765 951 2843 proficiscendi.
970 2765 1004 2823 ld

77 2863 129 2922 ille
143 2863 285 2931 intuens,
301 2877 400 2936 ncquc
412 2858 553 2938 ignorans
568 2858 680 2918 civium
700 2877 825 2917 suorum
839 2863 1001 2916 consuetu-

76 2957 194 3026 dinem,
210 2953 399 3032 postulabat,
415 2953 440 3012 si
455 2953 579 3031 quidde
597 2971 629 3012 se
642 2954 689 3030 agi
709 2951 839 3024 veilent,
855 2951 955 3030 potius
966 2952 1002 3010 dc

70 3038 236 3129 ‘praesente
248 3045 383 3125 quaestio
397 3046 561 3105 baberetur
575 3064 667 3123 quam
681 3045 788 3105 absens
800 3044 930 3106 invidiae
945 3045 1003 3104 cri·

77 3145 160 3205 minc
184 3147 388 3202 accusaretur.
409 3141 527 3200 lnimici
552 3159 623 3200 vero
649 3140 715 3218 ejus
735 3141 952 3218 quiescendum
971 3141 1031 3199 inu

78 3239 241 3319 praesenti,
262 3236 332 3314 quia
347 3234 448 3295 noceri
472 3254 532 3295 non
551 3253 636 3313 posse
651 3234 870 3314 intelligebant,
887 3241 917 3296 et
928 3237 1003 3296 illud

78 3338 198 3412 tempus
208 3328 443 3408 exspectandam
452 3327 841 3404 decreveruntquoexisset‚
853 3333 888 3387 ut
897 3329 1004 3390 absen-

80 3431 138 3489 em
152 3424 402 3505 aggrederentur,
419 3422 519 3500 itaque
534 3424 682 3482 feceruut.
700 3423 775 3480 Nam
791 3428 949 3501 postquam
964 3424 993 3483 in
1011 3447 1026 3491 3

79 3519 207 3580 Siciliam
230 3535 303 3576 eum
324 3514 496 3593 pervenisse
520 3513 725 3585 crediderunt,
751 3515 908 3575 absentem
921 3517 1000 3594 quod

78 3629 158 3674 rac-ra
173 3611 313 3674 violasset
327 3627 415 3668 reum
429 3609 577 3668 lecerunt.
594 3609 659 3678 Qua
678 3606 715 3666 de
736 3627 768 3668 re
788 3609 902 3670 cumei
923 3629 1001 3670 nun-
