2430 4110
174 393 204 446 18
489 369 539 446 Ν.
553 391 737 447 pausantis.
752 393 776 446 i.

150 489 390 562 &damnaturos
413 490 478 562 Hoc
492 501 601 562 nuntio
623 506 806 575 commotus,
824 492 952 582 sperans
968 520 1001 564 se
1017 497 1111 563 ctiam
1150 535 1162 552 ·

113 644 116 647 .
173 597 240 654 tum
254 594 384 674 pecunia
396 600 427 655 et
438 594 577 674 potentia
588 593 707 656 instans
721 595 892 674 periculum
905 614 994 675 posse
1007 596 1113 674 depel-

174 685 250 758 lere,
267 686 394 749 domum
409 687 512 749 rediit.
531 691 644 750 Hucut
655 689 752 761 venit,
770 691 809 752 ab
822 690 948 768 ephoris
963 690 994 750 in
1010 689 1114 750 vincla

175 780 301 859 publica
316 785 365 842 est
379 781 536 860 conjectus
550 801 557 842 ε
573 782 647 843 licet
658 783 741 842 enirn
757 783 879 862 legibus
894 803 1003 844 eorum
1015 783 1114 844 cuivis

175 879 292 958 ephdro
305 879 365 940 hoc
379 880 478 941 iacere
493 882 571 958 regi.
588 880 667 942 Hinc
690 888 793 944 tamen
816 901 849 943 se
864 881 1041 962 expedivit3
1059 901 1114 945 ne-

176 990 236 1050 que
251 990 288 1035 eo
300 972 400 1050 magis
415 973 540 1035 carebat
553 974 744 1054 suspicione:
762 995 834 1036 nam
851 977 954 1055 opinio
969 976 1116 1040 manebat

151 1077 247 1126 ceum
261 1083 332 1127 cum
346 1082 418 1144 rege
432 1066 549 1127 habere
564 1067 754 1129 societatem.
772 1069 827 1128 Est
842 1087 942 1147 genus
959 1069 1117 1148 quoddam

177 1157 340 1218 hominum
357 1158 438 1237 quod
461 1158 581 1220 Hilotae
596 1164 733 1233 vocatur,
752 1179 882 1238 quorum
896 1180 1012 1240 magna
1032 1162 1115 1222 mul-

175 1252 275 1313 titudo
289 1270 380 1331 agros
394 1254 710 1315 Lacedaemoniorum
726 1255 798 1316 colit
811 1274 1035 1334 servorumque
1047 1275 1116 1316 mu-

174 1363 249 1406 nere
273 1345 426 1423 iungitur.
452 1348 514 1407 Hos
539 1365 662 1425 quoqne
687 1347 853 1411 sollicitare
879 1367 934 1428 spe
959 1347 1113 1409 libertatis

155 1439 424 1500 texistimabatur.
447 1439 506 1500 Sed
530 1440 611 1518 quod
639 1440 748 1501 harum
777 1459 882 1502 rerum
910 1441 1033 1501 nullum
1049 1447 1117 1502 erat

178 1536 320 1611 opertum
333 1532 524 1611 crimenque
537 1533 625 1610 argui
637 1538 752 1611 posset,
769 1549 832 1596 non
845 1534 996 1612 putabant
1010 1534 1048 1594 de
1061 1533 1116 1594 tali

177 1630 304 1704 tamque
321 1626 402 1686 claro
417 1626 483 1686 viro
504 1626 732 1706 suspicionibus
749 1634 890 1706 oportere
910 1627 1055 1706 judicari,
1084 1632 1116 1688 ct
1181 1703 1186 1714 Ι

181 1721 434 1800 exspectandum,
451 1721 525 1782 dnm
542 1740 575 1782 se
589 1722 655 1800 ipsa
670 1741 719 1783 res
735 1722 880 1802 aperiret.

155 1841 164 1887 ς
218 1821 254 1875 Δ.
278 1813 410 1874 Interim
432 1813 566 1892 Argilius
589 1814 714 1892 quidam
737 1815 998 1887 adolescentulus,
1023 1824 1117 1895 quom

177 1924 309 1985 puerum
326 1906 495 1966 Pausanias
510 1907 671 1979 dilexerat,
690 1926 761 1967 cum
783 1907 946 1986 epistolam
967 1909 1006 1970 ab
1022 1927 1057 1968 eo
1078 1909 1116 1968 ad

178 1999 363 2060 Artabazum
390 1998 571 2082 accepisset,
596 2001 686 2078 eique
708 2001 741 2059 in
758 2000 968 2080 suspicionem
983 2001 1119 2062 venisset

178 2092 295 2171 aliquid
311 2092 343 2152 in
358 2110 394 2153 ea
409 2092 448 2153 de
463 2109 496 2152 se
522 2112 590 2154 esse
615 2093 778 2172 scriptum,
803 2094 885 2172 quod
900 2112 992 2154 nemo
1008 2111 1116 2154 eorum

177 2189 309 2249 redisset
320 2189 373 2267 qui
387 2207 480 2267 super
492 2189 546 2250 tali
562 2208 657 2250 causa
673 2191 783 2250 eodem
799 2189 885 2250 missi
899 2193 1000 2262 erant,
1016 2188 1119 2251 vincla

178 2281 464 2360 epistolaelaxavit,
480 2282 630 2361 signoque
647 2283 786 2343 detrecto
803 2283 960 2362 cognorit,
977 2283 1002 2342 si
1015 2287 1120 2361 pertu-

153 2375 276 2450 atisset,
293 2375 353 2436 sibi
369 2394 436 2437 esse
459 2377 666 2455 pereundum.
685 2378 781 2437 Erant
805 2377 838 2436 in
861 2376 971 2437 eadem
985 2375 1119 2455 epistola

178 2489 256 2549 quae
272 2469 310 2530 ad
327 2487 363 2530 ea
384 2470 581 2548 pertinebant
597 2488 675 2549 quae
690 2470 771 2530 iuter
792 2488 900 2548 regern
915 2469 1119 2530 Pausaniam·

150 2571 238 2642 aque
254 2568 474 2625 convenerant.
486 2566 549 2623 Has
562 2564 615 2623 ille
627 2563 746 2623 litteras
759 2561 884 2642 ephoris
899 2561 1038 2623 tradidit.
1052 2564 1119 2624 Non

180 2663 227 2719 cst
239 2657 465 2737 praetereunda
479 2657 616 2735 gravitas
633 2657 951 2718 Lacedaemoniorum
965 2657 1024 2716 hoc
1040 2654 1119 2716 loco.

179 2753 257 2812 Nam
272 2770 312 2812 ne
326 2752 421 2828 huJus
438 2751 565 2832 quidem
590 2751 704 2811 indicio
720 2750 847 2829 impulsi
869 2754 944 2810 sunt
957 2753 992 2808 ut
1007 2750 1121 2809 Pausa·

147 2872 156 2882 „
179 2844 262 2905 niam
277 2845 590 2925 comprehenderent,
609 2862 709 2923 neque
729 2844 816 2924 prius
832 2843 894 2904 vim
911 2841 1121 2904 adhibendam

154 2944 369 3016 speraverunt
383 2958 474 3017 quam
490 2940 603 3018 seipse
620 2939 803 2999 indicasset.
820 2937 929 3016 Itaque
941 2935 1014 2996 huie
1025 2933 1121 2994 indici

177 3032 251 3110 quid
269 3033 337 3094 fieri
353 3034 470 3094 veilent
498 3037 738 3113 praeceperant.
762 3035 884 3093 Fanum
911 3028 1047 3107 Neptuni
1074 3031 1123 3088 est

176 3126 318 3196 Taenari,
338 3126 420 3204 quod
436 3125 544 3187 violari
559 3127 646 3186 nefas
661 3129 772 3205 putant
784 3122 903 3186 Graeci.
922 3124 964 3182 Eo
979 3121 1032 3180 ille
1048 3137 1121 3181 con·

177 3220 268 3298 rugit,
292 3221 324 3281 in
347 3239 461 3299 araque
483 3221 635 3282 consedit.
661 3219 848 3297 Hancjuxta
863 3216 966 3278 locum
981 3215 1124 3275 fecerunt

179 3314 239 3374 sub
256 3320 349 3385 terra,
364 3333 401 3375 ex
417 3332 477 3393 qno
491 3320 597 3393 posset
612 3314 711 3375 audiri
728 3314 753 3374 si
770 3313 838 3391 quis
855 3310 930 3392 quid
944 3309 1124 3386 loqueretur

138 3395 155 3444 ὅ
181 3426 252 3469 cum
279 3409 406 3485 Argilio.
433 3410 505 3467 Huc
530 3425 567 3467 ex
586 3406 711 3486 ephoris
737 3406 863 3485 quidam
879 3400 1121 3465 descenderunt.

153 3517 156 3522 ·
183 3503 364 3574 Pausanias,
393 3506 428 3561 ut
445 3501 566 3562 audivit
595 3500 750 3578 Argilium
772 3496 951 3576 confugisse
970 3494 1002 3553 in
1022 3512 1120 3567 aram,

182 3597 381 3677 perturbatus
397 3594 485 3655 venit
495 3612 542 3655 eo.
556 3594 653 3664 Quem
667 3611 738 3653 cum
755 3590 927 3670 suppiioem
939 3586 989 3648 dei
1002 3587 1132 3672 videret

180 3698 213 3759 ia
230 3713 282 3754 ara
295 3692 468 3765 sedentem,
483 3689 603 3769 quaerit
618 3705 730 3751 causae
744 3687 817 3766 quid
833 3686 874 3746 sit
888 3689 953 3745 tam
969 3681 1124 3760 repentini
