2430 4110
190 336 206 384 2
523 335 543 386 l.
557 335 740 386 hllLTlADES.
757 336 765 384 i
779 373 785 387 .

193 441 313 520 prodire
321 458 355 500 ac
366 440 477 518 populo
488 459 552 501 esse
563 443 733 518 spectaculo
742 439 857 500 nemini
873 440 903 498 in
915 438 1030 499 eisdem
1041 455 1116 517 gen·
1205 481 1207 484 -

194 532 276 592 tibus
295 531 352 590 tuit
368 530 551 609 turpitudini
578 549 677 609 :quac
701 531 804 591 onmia
819 531 902 610 opud
915 549 970 591 nos
987 529 1117 590 humilia

168 634 284 705 satque
298 626 335 685 ah
351 612 507 686 honestate
522 633 637 687 remota
655 632 821 704 ponuntur.
840 627 950 687 Contra
973 644 1008 685 eu
1023 626 1118 704 plom-

196 739 255 800 que
269 718 379 779 nostris
389 718 525 778 moribus
539 724 612 778 sunt
625 719 744 790 deeora,
758 737 835 797 quae
846 719 927 797 apud
942 717 1008 778 illos
1020 717 1120 796 turpia

196 821 354 896 putantur.
371 813 468 884 Quem
482 813 565 872 enim
589 815 795 874 Romanorum
810 813 904 892 pudet
920 831 1047 880 uxorem
1061 812 1119 871 du·

197 927 264 968 cere
287 908 318 968 in
343 905 540 966 convivium?
559 912 612 965 aut
634 907 722 985 cujus
736 926 797 968 non
816 905 1044 966 materfamilias
1058 903 1120 982 pri-

197 1020 283 1062 mum
294 1002 395 1060 locum
407 1004 489 1059 tenet
498 999 620 1060 aedium
634 1007 724 1079 atque
736 1001 767 1060 in
779 999 952 1060 celebritate
962 996 1121 1059 versatur?

170 1124 185 1170 '1
199 1095 283 1168 Quod
299 1094 396 1154 multo
413 1092 450 1152 fit
462 1091 550 1152 aliter
564 1093 595 1151 in
618 1095 751 1154 Graecia.
770 1095 845 1154 Nam
857 1111 956 1170 neque
971 1092 1003 1150 in
1017 1090 1121 1150 convi-

198 1191 283 1252 vium
298 1189 460 1248 adhibetur
473 1186 532 1247 nisi
544 1189 797 1266 propinquorum,
811 1205 910 1265 noque
922 1187 1006 1246 sedet
1020 1185 1079 1246 nisi
1090 1185 1120 1244 in

199 1283 341 1342 interiore
359 1286 444 1360 parte
458 1281 599 1352 aedium,
615 1300 692 1359 quae
714 1279 920 1360 gynaeconitis
934 1279 1119 1358 appellatur,

198 1373 1118 1454 quonemouccedit‚nisipropinquacognationeconjunctus.

171 1468 256 1531 escol
267 1467 316 1526 hic
329 1467 416 1545 plura
429 1466 568 1544 persequi
588 1486 658 1527 cum
677 1467 855 1546 magnitudo
873 1466 1037 1525 voluminis
1052 1484 1120 1544 pro-

199 1559 538 1630 lrihet‚tumfestinatic,
552 1564 629 1619 uteo
645 1560 790 1638 explicem
811 1577 887 1636 qnae
903 1577 1026 1618 exorsus
1040 1576 1118 1617 sum.

199 1656 296 1725 Quare
317 1652 556 1732 adpropositunr
578 1655 746 1726 veniemus,
762 1659 792 1713 et
808 1654 838 1711 in
857 1654 916 1725 hoc
937 1671 1122 1730 exponemus

198 1747 275 1807 lihro
290 1746 326 1805 de
342 1745 403 1805 vita
416 1745 628 1805 excellentium
642 1747 872 1825 imperatorum.

544 1888 566 1940 l.
584 1885 782 1940 MILTIADES.

173 2053 183 2099 t
243 2041 276 2096 Ι.
295 2039 476 2109 ltlrarrnnes,
504 2025 637 2098 Cimonis
662 2038 758 2109 tilius,
782 2037 984 2109 Atheniensis,
998 2057 1069 2098 cum
1094 2045 1123 2098 et

199 2131 378 2208 antiquitate
399 2130 520 2208 generis
541 2137 570 2190 et
585 2130 679 2208 gloria
693 2132 843 2209 rnajorum
859 2136 888 2190 et
906 2149 961 2189 sua
978 2131 1123 2191 modestia

198 2244 279 2283 unus
293 2225 429 2284 omnium
454 2224 584 2282 maxime
600 2225 733 2295 llorerct,
751 2242 845 2302 eaque
859 2230 937 2283 essct
958 2230 1067 2296 aetate,
1091 2232 1124 2285 ut

198 2336 258 2376 non
270 2315 444 2396 jam'solum
460 2316 496 2375 dc
511 2335 545 2375 eo
560 2317 637 2376 hene
652 2335 786 2396 sperare,
802 2318 854 2376 sed
869 2317 960 2376 etium
972 2317 1123 2377 confidere

199 2413 279 2471 cives
294 2416 415 2490 possent
442 2411 489 2470 sui
510 2412 600 2470 talem
619 2430 690 2470 eum
710 2413 852 2470 littorum
874 2412 995 2488 qualem
1019 2412 1122 2490 cogni-

197 2511 265 2564 tum
272 2505 459 2584 judicarunt,
472 2505 577 2564 accidit
592 2511 623 2565 ut
635 2505 833 2564 Athenienses
842 2506 1062 2565 Chersonesum
1074 2525 1122 2566 eo-

171 2602 282 2666 elonos
304 2601 416 2659 uellent
438 2600 570 2659 mittere.
587 2601 680 2677 Cujus
694 2600 813 2677 generis
831 2618 901 2658 cnm
923 2619 1052 2678 maguus
1067 2619 1123 2659 nu-

198 2712 301 2754 merus
315 2699 392 2753 esset
409 2699 437 2752 ct
455 2693 542 2751 nmlti
559 2694 624 2770 ejus
639 2692 866 2770 demigrationis
880 2699 1017 2771 peterent
1029 2694 1122 2754 socio·
1158 2764 1163 2773 Ι

199 2794 303 2858 tatem,
326 2806 361 2847 ex
390 2787 428 2848 iis
449 2787 556 2846 delecti
572 2787 701 2868 Delphos
717 2787 919 2846 deliberatum
934 2787 1018 2846 missi
1038 2794 1119 2860 sunt,

197 2883 248 2960 qni
270 2882 461 2942 consulerent
483 2881 727 2959 Apollinemque
748 2881 938 2959 potissimum
956 2881 1035 2942 duce
1053 2889 1122 2943 ute-

197 2980 314 3032 rentur.
346 2976 560 3050 Namqnclum
585 2975 715 3032 'threces
737 2991 787 3032 eas
802 2972 938 3051 regiones
965 2975 1121 3044 tenebant,

171 3087 267 3139 3enm
288 3067 400 3144 quihus
429 3068 521 3126 armis
544 3072 609 3126 emt
633 3066 851 3126 dimicandum.
881 3068 934 3127 His
961 3069 1123 3129 corisulen-

197 3163 280 3222 tilius
307 3161 486 3221 nominatim
511 3162 622 3240 Pythia
647 3162 799 3240 praecepit
827 3168 862 3222 ut
884 3162 1051 3223 Miltiadem
1067 3163 1123 3223 im·

197 3262 366 3334 peratorem
388 3255 444 3313 sihi
487 3259 642 3314 sumerent
668 3253 727 3313 :id
754 3254 778 3313 si
816 3255 972 3327 iecissent,
1003 3256 1123 3335 incepta

172 3368 338 3428 tprospcra
377 3349 492 3407 tutum.
534 3350 596 3407 Hoc
639 3346 752 3407 oraculi
794 3366 936 3426 responso
973 3348 1123 3410 Miltiades

196 3462 266 3501 enin
282 3442 397 3501 delecta
415 3460 509 3500 manu
523 3441 616 3500 classe
631 3441 851 3501 Chersonesum
869 3442 1033 3518 protectus,
1051 3460 1120 3502 curo

196 3536 367 3595 accessisset
386 3537 536 3594 Lemnum
566 3540 594 3594 et
614 3534 725 3593 incolas
747 3536 813 3613 ejus
832 3534 948 3615 insulae
967 3536 1025 3596 sub
1040 3542 1120 3616 potc-

197 3634 305 3687 statcm
319 3627 454 3705 redigere
468 3628 556 3688 vellet
569 3627 812 3700 Atheniensium,
827 3627 917 3707 idque
932 3629 1051 3689 Lenmii
1065 3649 1120 3691 suu
