2430 4110
357 334 401 384 lll.
424 334 497 384 alta
518 333 695 384 axutam.
954 329 999 381 ¹17

47 443 108 525 qui
124 462 195 503 cum
210 445 245 502 L.
264 442 392 503 Lucullo
407 442 515 502 consul
538 440 607 513 fuir,
626 458 675 501 res
692 441 845 501 Romanas
861 438 999 502 oratione

49 543 171 600 Graeca
185 534 425 616 scriptitavit.ln
441 535 509 613 ejus
520 533 667 595 historiae
681 533 834 614 principio
848 534 999 612 scriptum

49 636 104 693 est
117 629 157 690 ad
168 631 249 690 banc
265 628 469 690 sententiam:
485 627 643 721 neminem
653 646 837 688 succensere
853 627 913 688 sibi
928 646 1001 688 con-

50 725 175 798 venire,
188 724 214 786 si
228 724 303 804 quid
317 725 349 786 in
364 724 414 786 his
425 723 514 785 libris
527 741 637 802 parum
650 722 819 802 composite
831 721 1001 783 autminus

51 821 219 899 eleganter
234 818 385 899 scriptum
399 820 490 879 foret.
508 818 585 878 Num
600 835 679 893 suot,
704 817 817 895 iuquit,
843 816 929 878 borao
943 819 1001 877 llo·

51 933 178 989 maeres,
195 922 285 976 nattis
298 916 330 976 io
345 913 431 975 tarto
439 935 451 991 ;
463 915 580 974 Graece
592 912 690 973 oratio
714 932 733 972 u
754 912 837 973 nobis
850 911 1000 972 alienissi-

53 1031 110 1073 me
130 1017 184 1072 est.
210 1011 347 1090 ideoque
369 1009 492 1072 veniam
512 1009 708 1088 gratiamque
724 1009 823 1069 malae
842 1007 1002 1069 existima-

58 1103 168 1177 tionis,
192 1103 218 1164 si
242 1104 318 1182 quid
334 1108 417 1165 esset
437 1109 589 1176 erratum,
614 1103 794 1181 postulavit.
811 1104 940 1182 Earum
956 1102 1003 1164 le·

59 1197 160 1278 gisset
174 1199 215 1261 Μ.
232 1199 316 1271 Cato,
333 1217 389 1260 eae
405 1206 447 1273 tu,
475 1197 587 1276 inquit,
610 1196 701 1270 Ante,
723 1197 852 1257 nitatem
873 1205 1004 1278 eupator

59 1311 107 1364 es,
123 1309 193 1354 cam
206 1291 344 1354 metuisti
355 1291 477 1374 eulpam
493 1291 654 1371 deprecari
667 1309 760 1371 quem
773 1290 865 1370 cotpu
879 1308 1000 1352 eccere.

57 1386 143 1446 Nam
155 1390 258 1465 petere
272 1386 391 1446 venium
406 1385 548 1459 solemus,
566 1391 620 1445 aut
642 1400 711 1445 eum
734 1383 940 1462 imprudentes
954 1404 1003 1446 er-

57 1482 203 1542 ravimus
225 1487 279 1541 uet
300 1499 368 1542 eum
390 1480 540 1560 compulsi
571 1479 778 1560 peccavimus,
811 1480 860 1556 Te,
888 1479 1000 1558 inquit,

59 1593 118 1636 oro
143 1581 183 1647 te,
206 1575 275 1655 quis
296 1575 435 1656 perpulit
457 1583 489 1637 ot
510 1576 543 1637 id
564 1576 765 1636 committeres
787 1574 877 1657 quod,
895 1577 1003 1654 prius·

58 1688 154 1753 quem
175 1668 305 1750 faceres
330 1680 447 1750 peteres
469 1677 502 1732 et
524 1670 755 1750 ipooseeretor?
774 1669 929 1748 Scriptum
945 1673 1004 1732 hoc

57 1763 154 1826 estin
169 1764 249 1826 libro
260 1764 391 1827 Cornelii
404 1765 530 1844 Nepotis
545 1765 583 1826 de
600 1762 779 1828 illustribus
794 1764 868 1826 viris
883 1764 1004 1827 decimo

58 1861 166 1924 tertio.

232 2172 445 2250 Frepmeatam
459 2168 603 2248 epistolae
618 2169 659 2231 ad
673 2169 855 2231 Ciceronem.

102 2334 237 2394 Tantum
258 2333 346 2394 abest
368 2337 404 2394 ut
425 2351 482 2412 ego
506 2331 688 2411 magistram
711 2352 779 2394 esse
796 2337 904 2413 putem
920 2333 1002 2395 vilae

57 2425 289 2505 philosophiam
305 2427 476 2506 beataeque
499 2427 581 2488 vitae
601 2428 826 2505 perfectricem,
851 2433 886 2488 ut
908 2425 1002 2487 nullis

56 2520 161 2601 magis
176 2519 352 2582 existimem
376 2541 452 2600 opus
469 2539 542 2583 esse
569 2522 733 2600 magistros
755 2521 880 2582 vivendi
908 2539 1002 2599 quam

56 2612 218 2692 plerisque
234 2612 331 2692 quiin
346 2632 383 2675 ea
404 2614 593 2692 disputanda
610 2620 785 2675 versantur.
803 2614 898 2674 Video
917 2614 1003 2675 enim

56 2723 207 2784 magnam
222 2710 343 2784 partem
363 2725 471 2768 eorum
496 2707 548 2787 qui
574 2707 605 2768 in
632 2710 737 2769 schola
763 2709 802 2768 dc
828 2709 945 2787 pudore
972 2712 1003 2768 et

57 2797 253 2859 continentia
278 2799 468 2878 praeripiant
482 2800 695 2877 argutissime,
724 2801 850 2862 eosdem
876 2801 908 2860 in
935 2818 1001 2861 om·

56 2892 148 2954 nium
165 2890 334 2954 libidinum
350 2892 574 2972 cupiditatibus
591 2894 707 2957 vivere.
