<?xml version="1.0" encoding="UTF-8"?>
<!DOCTYPE html PUBLIC "-//W3C//DTD XHTML 1.0 Transitional//EN"
    "http://www.w3.org/TR/xhtml1/DTD/xhtml1-transitional.dtd">
<html xmlns="http://www.w3.org/1999/xhtml" xml:lang="en" lang="en">
 <head>
  <title>
</title>
<meta http-equiv="Content-Type" content="text/html;charset=utf-8" />
  <meta name='ocr-system' content='tesseract 3.04.00' />
  <meta name='ocr-capabilities' content='ocr_page ocr_carea ocr_par ocr_line ocrx_word'/>
</head>
<body>
  <div class='ocr_page' id='page_1' title='image "./corneliinepotis00roergoog_0042.png"; bbox 0 0 2430 4110; ppageno 0'>
   <div class='ocr_carea' id='block_1_1' title="bbox 387 384 1020 444">
    <p class='ocr_par' dir='ltr' id='par_1_1' title="bbox 387 384 1020 444">
     <span class='ocr_line' id='line_1_1' title="bbox 387 384 1020 444; baseline -0.017 0"><span class='ocrx_word' id='word_1_1' title='bbox 387 395 439 444; x_wconf 84' lang='lat' dir='ltr'>vll.</span> <span class='ocrx_word' id='word_1_2' title='bbox 459 391 657 443; x_wconf 61' lang='lat' dir='ltr'>auctoratam.</span> <span class='ocrx_word' id='word_1_3' title='bbox 676 391 700 439; x_wconf 89' lang='lat'>8.</span> <span class='ocrx_word' id='word_1_4' title='bbox 724 391 749 440; x_wconf 87' lang='lat' dir='ltr'>o.</span> <span class='ocrx_word' id='word_1_5' title='bbox 987 384 1020 434; x_wconf 74' lang='lat' dir='ltr'>ru</span> 
     </span>
    </p>
   </div>
   <div class='ocr_carea' id='block_1_2' title="bbox 31 494 1069 3455">
    <p class='ocr_par' dir='ltr' id='par_1_2' title="bbox 92 494 1020 669">
     <span class='ocr_line' id='line_1_2' title="bbox 92 494 1020 575; baseline -0.001 -23"><span class='ocrx_word' id='word_1_6' title='bbox 92 499 179 554; x_wconf 79' lang='lat' dir='ltr'>verat</span> <span class='ocrx_word' id='word_1_7' title='bbox 205 513 275 555; x_wconf 89' lang='lat' dir='ltr'>cum</span> <span class='ocrx_word' id='word_1_8' title='bbox 315 495 395 553; x_wconf 86' lang='lat' dir='ltr'>fama</span> <span class='ocrx_word' id='word_1_9' title='bbox 426 499 493 554; x_wconf 86' lang='lat' dir='ltr'>tum</span> <span class='ocrx_word' id='word_1_10' title='bbox 530 494 662 572; x_wconf 89' lang='lat' dir='ltr'>opibus,</span> <span class='ocrx_word' id='word_1_11' title='bbox 692 512 896 575; x_wconf 81' lang='lat' dir='ltr'>magnamque</span> <span class='ocrx_word' id='word_1_12' title='bbox 917 494 1020 556; x_wconf 88' lang='lat' dir='ltr'>amici-</span> 
     </span>
     <span class='ocr_line' id='line_1_3' title="bbox 93 585 1010 669; baseline 0.001 -26"><span class='ocrx_word' id='word_1_13' title='bbox 93 585 166 644; x_wconf 75' lang='lat' dir='ltr'>tiam</span> <span class='ocrx_word' id='word_1_14' title='bbox 181 586 238 646; x_wconf 85' lang='lat' dir='ltr'>sibi</span> <span class='ocrx_word' id='word_1_15' title='bbox 255 605 326 646; x_wconf 90' lang='lat' dir='ltr'>cum</span> <span class='ocrx_word' id='word_1_16' title='bbox 340 586 522 665; x_wconf 89' lang='lat' dir='ltr'>quibusdam</span> <span class='ocrx_word' id='word_1_17' title='bbox 537 587 660 664; x_wconf 81' lang='lat' dir='ltr'>regibus</span> <span class='ocrx_word' id='word_1_18' title='bbox 678 588 822 648; x_wconf 81' lang='lat' dir='ltr'>Threciae</span> <span class='ocrx_word' id='word_1_19' title='bbox 842 592 1010 669; x_wconf 75' lang='lat' dir='ltr'><strong>pepererat.</strong></span> 
     </span>
    </p>

    <p class='ocr_par' dir='ltr' id='par_1_3' title="bbox 31 678 1069 2345">
     <span class='ocr_line' id='line_1_4' title="bbox 134 678 1040 757; baseline 0 -21"><span class='ocrx_word' id='word_1_20' title='bbox 134 679 174 736; x_wconf 81' lang='lat'>8.</span> <span class='ocrx_word' id='word_1_21' title='bbox 191 680 295 756; x_wconf 80' lang='lat' dir='ltr'>Neque</span> <span class='ocrx_word' id='word_1_22' title='bbox 315 684 450 739; x_wconf 85' lang='lat' dir='ltr'>tamena</span> <span class='ocrx_word' id='word_1_23' title='bbox 467 679 590 739; x_wconf 85' lang='lat' dir='ltr'>caritate</span> <span class='ocrx_word' id='word_1_24' title='bbox 610 678 724 757; x_wconf 90' lang='lat' dir='ltr'>patriae</span> <span class='ocrx_word' id='word_1_25' title='bbox 745 682 845 757; x_wconf 89' lang='lat' dir='ltr'>potuit</span> <span class='ocrx_word' id='word_1_26' title='bbox 859 682 1011 742; x_wconf 89' lang='lat' dir='ltr'>recedere.</span> <span class='ocrx_word' id='word_1_27' title='bbox 1029 693 1040 737; x_wconf 82' lang='lat' dir='ltr'>l</span> 
     </span>
     <span class='ocr_line' id='line_1_5' title="bbox 92 771 1018 852; baseline 0.002 -21"><span class='ocrx_word' id='word_1_28' title='bbox 92 772 170 831; x_wconf 90' lang='lat' dir='ltr'>Nam</span> <span class='ocrx_word' id='word_1_29' title='bbox 186 789 257 831; x_wconf 91' lang='lat' dir='ltr'>cum</span> <span class='ocrx_word' id='word_1_30' title='bbox 271 773 352 851; x_wconf 89' lang='lat' dir='ltr'>apud</span> <span class='ocrx_word' id='word_1_31' title='bbox 370 776 467 850; x_wconf 84' lang='lat' dir='ltr'>Aegos</span> <span class='ocrx_word' id='word_1_32' title='bbox 488 772 604 831; x_wconf 86' lang='lat' dir='ltr'>flumen</span> <span class='ocrx_word' id='word_1_33' title='bbox 619 771 780 845; x_wconf 69' lang='lat' dir='ltr'>Philocles</span> <span class='ocrx_word' id='word_1_34' title='bbox 790 780 910 852; x_wconf 91' lang='lat' dir='ltr'>praetor</span> <span class='ocrx_word' id='word_1_35' title='bbox 925 774 1018 834; x_wconf 89' lang='lat' dir='ltr'>Athe-</span> 
     </span>
     <span class='ocr_line' id='line_1_6' title="bbox 31 864 1069 946; baseline 0.008 -24"><span class='ocrx_word' id='word_1_36' title='bbox 31 941 34 946; x_wconf 25' lang='lat'>.</span> <span class='ocrx_word' id='word_1_37' title='bbox 93 864 268 938; x_wconf 88' lang='lat' dir='ltr'>niensium,</span> <span class='ocrx_word' id='word_1_38' title='bbox 290 866 416 925; x_wconf 81' lang='lat' dir='ltr'>classem</span> <span class='ocrx_word' id='word_1_39' title='bbox 446 865 651 926; x_wconf 85' lang='lat' dir='ltr'>constituisset</span> <span class='ocrx_word' id='word_1_40' title='bbox 674 885 779 939; x_wconf 88' lang='lat' dir='ltr'>suam,</span> <span class='ocrx_word' id='word_1_41' title='bbox 806 886 905 946; x_wconf 89' lang='lat' dir='ltr'>neque</span> <span class='ocrx_word' id='word_1_42' title='bbox 929 868 1017 945; x_wconf 82' lang='lat' dir='ltr'>longe</span> <span class='ocrx_word' id='word_1_43' title='bbox 1031 871 1069 930; x_wconf 73' lang='lat'>40</span> 
     </span>
     <span class='ocr_line' id='line_1_7' title="bbox 92 956 1020 1038; baseline 0.001 -22"><span class='ocrx_word' id='word_1_44' title='bbox 92 956 212 1018; x_wconf 84' lang='lat' dir='ltr'>abesset</span> <span class='ocrx_word' id='word_1_45' title='bbox 226 958 398 1038; x_wconf 84' lang='lat' dir='ltr'>Lysander,</span> <span class='ocrx_word' id='word_1_46' title='bbox 424 965 543 1037; x_wconf 88' lang='lat' dir='ltr'>praetor</span> <span class='ocrx_word' id='word_1_47' title='bbox 568 958 888 1033; x_wconf 79' lang='lat' dir='ltr'>Lacedaemoniorum,</span> <span class='ocrx_word' id='word_1_48' title='bbox 910 959 962 1038; x_wconf 89' lang='lat' dir='ltr'>qui</span> <span class='ocrx_word' id='word_1_49' title='bbox 987 959 1020 1017; x_wconf 92' lang='lat' dir='ltr'>in</span> 
     </span>
     <span class='ocr_line' id='line_1_8' title="bbox 94 1051 1018 1130; baseline -0.002 -18"><span class='ocrx_word' id='word_1_50' title='bbox 94 1069 130 1112; x_wconf 93' lang='lat' dir='ltr'>eo</span> <span class='ocrx_word' id='word_1_51' title='bbox 144 1055 210 1110; x_wconf 90' lang='lat' dir='ltr'>erat</span> <span class='ocrx_word' id='word_1_52' title='bbox 223 1056 401 1129; x_wconf 89' lang='lat' dir='ltr'>occupatus,</span> <span class='ocrx_word' id='word_1_53' title='bbox 416 1051 580 1111; x_wconf 85' lang='lat' dir='ltr'>othelium</span> <span class='ocrx_word' id='word_1_54' title='bbox 591 1070 684 1130; x_wconf 89' lang='lat' dir='ltr'>quam</span> <span class='ocrx_word' id='word_1_55' title='bbox 703 1053 871 1114; x_wconf 89' lang='lat' dir='ltr'>diutissime</span> <span class='ocrx_word' id='word_1_56' title='bbox 883 1056 1018 1123; x_wconf 91' lang='lat' dir='ltr'>duceret,</span> 
     </span>
     <span class='ocr_line' id='line_1_9' title="bbox 94 1143 1021 1223; baseline 0 -20"><span class='ocrx_word' id='word_1_57' title='bbox 94 1144 174 1223; x_wconf 91' lang='lat' dir='ltr'>quod</span> <span class='ocrx_word' id='word_1_58' title='bbox 188 1143 260 1222; x_wconf 88' lang='lat' dir='ltr'>ipsis</span> <span class='ocrx_word' id='word_1_59' title='bbox 268 1146 398 1222; x_wconf 88' lang='lat' dir='ltr'>pecnnia</span> <span class='ocrx_word' id='word_1_60' title='bbox 412 1163 430 1202; x_wconf 88' lang='lat' dir='ltr'>a</span> <span class='ocrx_word' id='word_1_61' title='bbox 443 1163 514 1223; x_wconf 86' lang='lat' dir='ltr'>rege</span> <span class='ocrx_word' id='word_1_62' title='bbox 529 1145 791 1223; x_wconf 66' lang='lat' dir='ltr'>suppeditabatur,</span> <span class='ocrx_word' id='word_1_63' title='bbox 808 1153 913 1206; x_wconf 91' lang='lat' dir='ltr'>contra</span> <span class='ocrx_word' id='word_1_64' title='bbox 931 1146 1021 1205; x_wconf 90' lang='lat' dir='ltr'>Athe-</span> 
     </span>
     <span class='ocr_line' id='line_1_10' title="bbox 94 1236 1021 1316; baseline -0.001 -20"><span class='ocrx_word' id='word_1_65' title='bbox 94 1236 254 1297; x_wconf 88' lang='lat' dir='ltr'>niensibus</span> <span class='ocrx_word' id='word_1_66' title='bbox 268 1236 424 1298; x_wconf 78' lang='lat' dir='ltr'>exhaustis</span> <span class='ocrx_word' id='word_1_67' title='bbox 444 1244 564 1316; x_wconf 87' lang='lat' dir='ltr'>praeter</span> <span class='ocrx_word' id='word_1_68' title='bbox 588 1257 673 1297; x_wconf 89' lang='lat' dir='ltr'>arma</span> <span class='ocrx_word' id='word_1_69' title='bbox 688 1245 718 1298; x_wconf 90' lang='lat' dir='ltr'>et</span> <span class='ocrx_word' id='word_1_70' title='bbox 743 1258 834 1300; x_wconf 89' lang='lat' dir='ltr'>naves</span> <span class='ocrx_word' id='word_1_71' title='bbox 855 1239 932 1298; x_wconf 88' lang='lat' dir='ltr'>nihil</span> <span class='ocrx_word' id='word_1_72' title='bbox 957 1242 1021 1298; x_wconf 83' lang='lat' dir='ltr'>erat</span> 
     </span>
     <span class='ocr_line' id='line_1_11' title="bbox 95 1329 1048 1408; baseline -0.003 -20"><span class='ocrx_word' id='word_1_73' title='bbox 95 1347 202 1408; x_wconf 81' lang='lat' dir='ltr'>super,</span> <span class='ocrx_word' id='word_1_74' title='bbox 229 1329 397 1390; x_wconf 81' lang='lat' dir='ltr'>Alcibiades</span> <span class='ocrx_word' id='word_1_75' title='bbox 416 1331 455 1390; x_wconf 90' lang='lat' dir='ltr'>ad</span> <span class='ocrx_word' id='word_1_76' title='bbox 479 1331 645 1391; x_wconf 82' lang='lat' dir='ltr'>exercitum</span> <span class='ocrx_word' id='word_1_77' title='bbox 666 1330 750 1390; x_wconf 82' lang='lat' dir='ltr'>venit</span> <span class='ocrx_word' id='word_1_78' title='bbox 771 1331 1016 1401; x_wconf 85' lang='lat' dir='ltr'>Atheniensium,</span> <span class='ocrx_word' id='word_1_79' title='bbox 1033 1341 1048 1385; x_wconf 75' lang='lat' dir='ltr'>a</span> 
     </span>
     <span class='ocr_line' id='line_1_12' title="bbox 95 1423 1020 1504; baseline 0 -22"><span class='ocrx_word' id='word_1_80' title='bbox 95 1423 198 1501; x_wconf 88' lang='lat' dir='ltr'>ibique</span> <span class='ocrx_word' id='word_1_81' title='bbox 210 1428 367 1501; x_wconf 81' lang='lat' dir='ltr'>praesente</span> <span class='ocrx_word' id='word_1_82' title='bbox 378 1424 472 1502; x_wconf 81' lang='lat' dir='ltr'>vulgo</span> <span class='ocrx_word' id='word_1_83' title='bbox 487 1443 575 1502; x_wconf 84' lang='lat' dir='ltr'>agere</span> <span class='ocrx_word' id='word_1_84' title='bbox 589 1424 697 1504; x_wconf 85' lang='lat' dir='ltr'>coepit.</span> <span class='ocrx_word' id='word_1_85' title='bbox 714 1425 743 1486; x_wconf 88' lang='lat' dir='ltr'>Si</span> <span class='ocrx_word' id='word_1_86' title='bbox 754 1425 878 1496; x_wconf 89' lang='lat' dir='ltr'>vellent,</span> <span class='ocrx_word' id='word_1_87' title='bbox 891 1442 922 1484; x_wconf 89' lang='lat' dir='ltr'>se</span> <span class='ocrx_word' id='word_1_88' title='bbox 936 1441 1020 1483; x_wconf 88' lang='lat' dir='ltr'>eoac-</span> 
     </span>
     <span class='ocr_line' id='line_1_13' title="bbox 95 1518 1020 1597; baseline -0.001 -19"><span class='ocrx_word' id='word_1_89' title='bbox 95 1524 203 1578; x_wconf 89' lang='lat' dir='ltr'>lurum</span> <span class='ocrx_word' id='word_1_90' title='bbox 218 1518 409 1596; x_wconf 86' lang='lat' dir='ltr'>Lysandrum</span> <span class='ocrx_word' id='word_1_91' title='bbox 422 1518 566 1577; x_wconf 87' lang='lat' dir='ltr'>dimicare</span> <span class='ocrx_word' id='word_1_92' title='bbox 575 1523 628 1578; x_wconf 87' lang='lat' dir='ltr'>aut</span> <span class='ocrx_word' id='word_1_93' title='bbox 639 1537 743 1596; x_wconf 89' lang='lat' dir='ltr'>pacem</span> <span class='ocrx_word' id='word_1_94' title='bbox 755 1524 858 1596; x_wconf 79' lang='lat' dir='ltr'>petere</span> <span class='ocrx_word' id='word_1_95' title='bbox 872 1518 999 1597; x_wconf 87' lang='lat' dir='ltr'>spondet</span> <span class='ocrx_word' id='word_1_96' title='bbox 1013 1535 1020 1577; x_wconf 86' lang='lat'>:</span> 
     </span>
     <span class='ocr_line' id='line_1_14' title="bbox 94 1611 1017 1690; baseline -0.001 -19"><span class='ocrx_word' id='word_1_97' title='bbox 94 1611 349 1671; x_wconf 88' lang='lat' dir='ltr'>Lacedaemonios</span> <span class='ocrx_word' id='word_1_98' title='bbox 367 1630 401 1671; x_wconf 90' lang='lat' dir='ltr'>eo</span> <span class='ocrx_word' id='word_1_99' title='bbox 421 1612 500 1670; x_wconf 92' lang='lat' dir='ltr'>nolle</span> <span class='ocrx_word' id='word_1_100' title='bbox 519 1611 612 1672; x_wconf 86' lang='lat' dir='ltr'>classe</span> <span class='ocrx_word' id='word_1_101' title='bbox 633 1611 812 1689; x_wconf 76' lang='lat' dir='ltr'>confligere,</span> <span class='ocrx_word' id='word_1_102' title='bbox 832 1611 913 1690; x_wconf 90' lang='lat' dir='ltr'>quod</span> <span class='ocrx_word' id='word_1_103' title='bbox 928 1611 1017 1689; x_wconf 91' lang='lat' dir='ltr'>pede-</span> 
     </span>
     <span class='ocr_line' id='line_1_15' title="bbox 95 1703 1050 1782; baseline 0 -20"><span class='ocrx_word' id='word_1_104' title='bbox 95 1703 210 1763; x_wconf 88' lang='lat' dir='ltr'>stribus</span> <span class='ocrx_word' id='word_1_105' title='bbox 221 1703 313 1782; x_wconf 88' lang='lat' dir='ltr'>copiis</span> <span class='ocrx_word' id='word_1_106' title='bbox 319 1704 387 1782; x_wconf 91' lang='lat' dir='ltr'>plus</span> <span class='ocrx_word' id='word_1_107' title='bbox 395 1722 486 1781; x_wconf 90' lang='lat' dir='ltr'>quam</span> <span class='ocrx_word' id='word_1_108' title='bbox 495 1704 1021 1776; x_wconf 81' lang='lat' dir='ltr'>navibusvalerent3sibiautemesse</span> <span class='ocrx_word' id='word_1_109' title='bbox 1035 1728 1050 1773; x_wconf 79' lang='lat'><strong>5</strong></span> 
     </span>
     <span class='ocr_line' id='line_1_16' title="bbox 96 1799 1019 1878; baseline -0.003 -19"><span class='ocrx_word' id='word_1_110' title='bbox 96 1799 185 1859; x_wconf 89' lang='lat' dir='ltr'>facile</span> <span class='ocrx_word' id='word_1_111' title='bbox 210 1799 374 1870; x_wconf 87' lang='lat' dir='ltr'>Seuthem,</span> <span class='ocrx_word' id='word_1_112' title='bbox 397 1817 500 1878; x_wconf 81' lang='lat' dir='ltr'>regem</span> <span class='ocrx_word' id='word_1_113' title='bbox 520 1800 690 1870; x_wconf 85' lang='lat' dir='ltr'>Threcum,</span> <span class='ocrx_word' id='word_1_114' title='bbox 716 1799 865 1859; x_wconf 88' lang='lat' dir='ltr'>deducere</span> <span class='ocrx_word' id='word_1_115' title='bbox 893 1804 927 1857; x_wconf 88' lang='lat' dir='ltr'>ut</span> <span class='ocrx_word' id='word_1_116' title='bbox 948 1816 1019 1857; x_wconf 92' lang='lat' dir='ltr'>eum</span> 
     </span>
     <span class='ocr_line' id='line_1_17' title="bbox 96 1892 1022 1971; baseline -0.002 -19"><span class='ocrx_word' id='word_1_117' title='bbox 96 1898 179 1953; x_wconf 87' lang='lat' dir='ltr'>terra</span> <span class='ocrx_word' id='word_1_118' title='bbox 196 1892 377 1970; x_wconf 81' lang='lat' dir='ltr'>depelleret,</span> <span class='ocrx_word' id='word_1_119' title='bbox 398 1913 458 1971; x_wconf 93' lang='lat' dir='ltr'>quo</span> <span class='ocrx_word' id='word_1_120' title='bbox 472 1894 549 1952; x_wconf 85' lang='lat' dir='ltr'>facto</span> <span class='ocrx_word' id='word_1_121' title='bbox 571 1893 739 1953; x_wconf 89' lang='lat' dir='ltr'>necessario</span> <span class='ocrx_word' id='word_1_122' title='bbox 764 1899 818 1952; x_wconf 86' lang='lat' dir='ltr'>aut</span> <span class='ocrx_word' id='word_1_123' title='bbox 836 1893 928 1952; x_wconf 89' lang='lat' dir='ltr'>classe</span> <span class='ocrx_word' id='word_1_124' title='bbox 950 1911 1022 1952; x_wconf 90' lang='lat' dir='ltr'>con-</span> 
     </span>
     <span class='ocr_line' id='line_1_18' title="bbox 96 1985 1050 2064; baseline 0 -19"><span class='ocrx_word' id='word_1_125' title='bbox 96 1986 254 2045; x_wconf 86' lang='lat' dir='ltr'>flicturum</span> <span class='ocrx_word' id='word_1_126' title='bbox 276 1991 330 2045; x_wconf 90' lang='lat' dir='ltr'>aut</span> <span class='ocrx_word' id='word_1_127' title='bbox 346 1985 462 2046; x_wconf 89' lang='lat' dir='ltr'>bellum</span> <span class='ocrx_word' id='word_1_128' title='bbox 477 1985 727 2064; x_wconf 86' lang='lat' dir='ltr'>compositurum.</span> <span class='ocrx_word' id='word_1_129' title='bbox 746 1986 778 2045; x_wconf 95' lang='lat' dir='ltr'>ld</span> <span class='ocrx_word' id='word_1_130' title='bbox 803 1986 858 2045; x_wconf 86' lang='lat' dir='ltr'>etsi</span> <span class='ocrx_word' id='word_1_131' title='bbox 875 2004 944 2045; x_wconf 91' lang='lat' dir='ltr'>vere</span> <span class='ocrx_word' id='word_1_132' title='bbox 958 1985 1050 2056; x_wconf 71' lang='lat' dir='ltr'>dic-4</span> 
     </span>
     <span class='ocr_line' id='line_1_19' title="bbox 96 2078 1022 2157; baseline 0 -19"><span class='ocrx_word' id='word_1_133' title='bbox 96 2084 165 2138; x_wconf 89' lang='lat' dir='ltr'>lum</span> <span class='ocrx_word' id='word_1_134' title='bbox 181 2078 332 2140; x_wconf 83' lang='lat' dir='ltr'>Philocles</span> <span class='ocrx_word' id='word_1_135' title='bbox 346 2079 623 2151; x_wconf 86' lang='lat' dir='ltr'>animadvertebat,</span> <span class='ocrx_word' id='word_1_136' title='bbox 640 2086 743 2140; x_wconf 86' lang='lat' dir='ltr'>tamen</span> <span class='ocrx_word' id='word_1_137' title='bbox 762 2079 912 2157; x_wconf 85' lang='lat' dir='ltr'>postulata</span> <span class='ocrx_word' id='word_1_138' title='bbox 926 2079 1022 2138; x_wconf 86' lang='lat' dir='ltr'>faeere</span> 
     </span>
     <span class='ocr_line' id='line_1_20' title="bbox 96 2172 1023 2253; baseline 0 -19"><span class='ocrx_word' id='word_1_139' title='bbox 96 2172 216 2244; x_wconf 90' lang='lat' dir='ltr'>noluit,</span> <span class='ocrx_word' id='word_1_140' title='bbox 244 2173 324 2250; x_wconf 90' lang='lat' dir='ltr'>quod</span> <span class='ocrx_word' id='word_1_141' title='bbox 351 2174 500 2234; x_wconf 87' lang='lat' dir='ltr'>sentiebat</span> <span class='ocrx_word' id='word_1_142' title='bbox 518 2193 549 2233; x_wconf 88' lang='lat' dir='ltr'>se</span> <span class='ocrx_word' id='word_1_143' title='bbox 574 2174 728 2234; x_wconf 81' lang='lat' dir='ltr'>Alcibiade</span> <span class='ocrx_word' id='word_1_144' title='bbox 757 2180 877 2253; x_wconf 88' lang='lat' dir='ltr'>recepto</span> <span class='ocrx_word' id='word_1_145' title='bbox 908 2174 1023 2234; x_wconf 86' lang='lat' dir='ltr'>nullius</span> 
     </span>
     <span class='ocr_line' id='line_1_21' title="bbox 95 2266 1023 2345; baseline -0.002 -18"><span class='ocrx_word' id='word_1_146' title='bbox 95 2266 247 2327; x_wconf 89' lang='lat' dir='ltr'>momenti</span> <span class='ocrx_word' id='word_1_147' title='bbox 262 2266 341 2343; x_wconf 89' lang='lat' dir='ltr'>apud</span> <span class='ocrx_word' id='word_1_148' title='bbox 358 2267 524 2327; x_wconf 87' lang='lat' dir='ltr'>exercitum</span> <span class='ocrx_word' id='word_1_149' title='bbox 542 2268 694 2339; x_wconf 72' lang='lat' dir='ltr'>sutanum,</span> <span class='ocrx_word' id='word_1_150' title='bbox 711 2270 741 2327; x_wconf 83' lang='lat' dir='ltr'>et</span> <span class='ocrx_word' id='word_1_151' title='bbox 762 2267 786 2327; x_wconf 88' lang='lat' dir='ltr'>si</span> <span class='ocrx_word' id='word_1_152' title='bbox 803 2267 877 2345; x_wconf 88' lang='lat' dir='ltr'>quid</span> <span class='ocrx_word' id='word_1_153' title='bbox 899 2267 1023 2327; x_wconf 86' lang='lat' dir='ltr'>secundi</span> 
     </span>
    </p>

    <p class='ocr_par' dir='ltr' id='par_1_4' title="bbox 65 2358 1054 3372">
     <span class='ocr_line' id='line_1_22' title="bbox 96 2358 1024 2440; baseline -0.003 -19"><span class='ocrx_word' id='word_1_154' title='bbox 96 2358 262 2430; x_wconf 85' lang='lat' dir='ltr'>evenisset,</span> <span class='ocrx_word' id='word_1_155' title='bbox 278 2358 395 2418; x_wconf 90' lang='lat' dir='ltr'>nullam</span> <span class='ocrx_word' id='word_1_156' title='bbox 411 2359 442 2418; x_wconf 89' lang='lat' dir='ltr'>in</span> <span class='ocrx_word' id='word_1_157' title='bbox 454 2378 488 2420; x_wconf 90' lang='lat' dir='ltr'>ea</span> <span class='ocrx_word' id='word_1_158' title='bbox 500 2380 531 2420; x_wconf 91' lang='lat' dir='ltr'>re</span> <span class='ocrx_word' id='word_1_159' title='bbox 546 2379 633 2420; x_wconf 90' lang='lat' dir='ltr'>suam</span> <span class='ocrx_word' id='word_1_160' title='bbox 655 2365 772 2440; x_wconf 84' lang='lat' dir='ltr'>partem</span> <span class='ocrx_word' id='word_1_161' title='bbox 785 2363 859 2433; x_wconf 86' lang='lat' dir='ltr'>fore,</span> <span class='ocrx_word' id='word_1_162' title='bbox 873 2365 978 2420; x_wconf 87' lang='lat' dir='ltr'>contra</span> <span class='ocrx_word' id='word_1_163' title='bbox 989 2379 1024 2420; x_wconf 91' lang='lat' dir='ltr'>ea</span> 
     </span>
     <span class='ocr_line' id='line_1_23' title="bbox 65 2442 1024 2533; baseline -0.004 -19"><span class='ocrx_word' id='word_1_164' title='bbox 65 2442 68 2447; x_wconf 55' lang='grc'><strong>’</strong></span> <span class='ocrx_word' id='word_1_165' title='bbox 96 2451 207 2530; x_wconf 90' lang='lat' dir='ltr'>siquid</span> <span class='ocrx_word' id='word_1_166' title='bbox 218 2453 336 2512; x_wconf 81' lang='lat' dir='ltr'>aduersi</span> <span class='ocrx_word' id='word_1_167' title='bbox 349 2453 514 2525; x_wconf 88' lang='lat' dir='ltr'>accidisset,</span> <span class='ocrx_word' id='word_1_168' title='bbox 528 2471 559 2513; x_wconf 91' lang='lat' dir='ltr'>se</span> <span class='ocrx_word' id='word_1_169' title='bbox 575 2473 674 2513; x_wconf 89' lang='lat' dir='ltr'>unum</span> <span class='ocrx_word' id='word_1_170' title='bbox 688 2455 753 2533; x_wconf 87' lang='lat' dir='ltr'>ejus</span> <span class='ocrx_word' id='word_1_171' title='bbox 769 2453 870 2514; x_wconf 88' lang='lat' dir='ltr'>delicti</span> <span class='ocrx_word' id='word_1_172' title='bbox 885 2454 1024 2512; x_wconf 88' lang='lat' dir='ltr'>loturum</span> 
     </span>
     <span class='ocr_line' id='line_1_24' title="bbox 96 2545 1052 2623; baseline 0 -15"><span class='ocrx_word' id='word_1_173' title='bbox 96 2565 199 2608; x_wconf 89' lang='lat' dir='ltr'>reum.</span> <span class='ocrx_word' id='word_1_174' title='bbox 217 2546 263 2606; x_wconf 90' lang='lat' dir='ltr'>Ab</span> <span class='ocrx_word' id='word_1_175' title='bbox 284 2547 341 2606; x_wconf 92' lang='lat' dir='ltr'>hoc</span> <span class='ocrx_word' id='word_1_176' title='bbox 359 2547 515 2607; x_wconf 87' lang='lat' dir='ltr'>discedens</span> <span class='ocrx_word' id='word_1_177' title='bbox 531 2547 699 2607; x_wconf 89' lang='lat' dir='ltr'>Alcibiades</span> <span class='ocrx_word' id='word_1_178' title='bbox 715 2548 879 2622; x_wconf 82' lang='lat' dir='ltr'>Quoniam,</span> <span class='ocrx_word' id='word_1_179' title='bbox 903 2545 1019 2623; x_wconf 87' lang='lat' dir='ltr'>inquil,</span> <span class='ocrx_word' id='word_1_180' title='bbox 1037 2562 1052 2608; x_wconf 81' lang='lat'>⁵</span> 
     </span>
     <span class='ocr_line' id='line_1_25' title="bbox 96 2640 1025 2722; baseline -0.002 -19"><span class='ocrx_word' id='word_1_181' title='bbox 96 2641 242 2704; x_wconf 82' lang='lat' dir='ltr'>victoriae</span> <span class='ocrx_word' id='word_1_182' title='bbox 262 2641 377 2722; x_wconf 83' lang='lat' dir='ltr'>polrioe</span> <span class='ocrx_word' id='word_1_183' title='bbox 404 2659 567 2722; x_wconf 74' lang='lat' dir='ltr'>repupuoa,</span> <span class='ocrx_word' id='word_1_184' title='bbox 590 2641 666 2702; x_wconf 82' lang='lat' dir='ltr'>illud</span> <span class='ocrx_word' id='word_1_185' title='bbox 687 2660 788 2702; x_wconf 82' lang='lat' dir='ltr'>moneo</span> <span class='ocrx_word' id='word_1_186' title='bbox 802 2642 899 2719; x_wconf 73' lang='lat' dir='ltr'>jueta</span> <span class='ocrx_word' id='word_1_187' title='bbox 916 2640 1025 2702; x_wconf 81' lang='lat' dir='ltr'>hostem</span> 
     </span>
     <span class='ocr_line' id='line_1_26' title="bbox 97 2733 1024 2816; baseline 0 -20"><span class='ocrx_word' id='word_1_188' title='bbox 97 2742 200 2796; x_wconf 74' lang='lat' dir='ltr'>rostro</span> <span class='ocrx_word' id='word_1_189' title='bbox 212 2733 318 2795; x_wconf 83' lang='lat' dir='ltr'>habeas</span> <span class='ocrx_word' id='word_1_190' title='bbox 331 2737 451 2797; x_wconf 80' lang='lat' dir='ltr'>nautico</span> <span class='ocrx_word' id='word_1_191' title='bbox 466 2756 475 2816; x_wconf 61' lang='grc' dir='ltr'><strong><em>ς</em></strong></span> <span class='ocrx_word' id='word_1_192' title='bbox 496 2736 666 2814; x_wconf 79' lang='lat' dir='ltr'>periculum</span> <span class='ocrx_word' id='word_1_193' title='bbox 681 2743 723 2797; x_wconf 80' lang='lat' dir='ltr'>ecl</span> <span class='ocrx_word' id='word_1_194' title='bbox 735 2737 814 2797; x_wconf 82' lang='lat' dir='ltr'>enim</span> <span class='ocrx_word' id='word_1_195' title='bbox 831 2755 867 2796; x_wconf 86' lang='lat' dir='ltr'>ue</span> <span class='ocrx_word' id='word_1_196' title='bbox 883 2735 1024 2796; x_wconf 82' lang='lat' dir='ltr'>immode-</span> 
     </span>
     <span class='ocr_line' id='line_1_27' title="bbox 98 2827 1025 2908; baseline 0 -20"><span class='ocrx_word' id='word_1_197' title='bbox 98 2829 158 2889; x_wconf 84' lang='lat' dir='ltr'>elio</span> <span class='ocrx_word' id='word_1_198' title='bbox 168 2827 297 2888; x_wconf 78' lang='lat' dir='ltr'>militurn</span> <span class='ocrx_word' id='word_1_199' title='bbox 308 2834 472 2888; x_wconf 78' lang='lat' dir='ltr'>aestrorum</span> <span class='ocrx_word' id='word_1_200' title='bbox 485 2827 690 2888; x_wconf 82' lang='lat' dir='ltr'>occoaiodelur</span> <span class='ocrx_word' id='word_1_201' title='bbox 700 2827 853 2907; x_wconf 77' lang='lat' dir='ltr'>Lysandro</span> <span class='ocrx_word' id='word_1_202' title='bbox 870 2830 961 2888; x_wconf 81' lang='lat' dir='ltr'>vestri</span> <span class='ocrx_word' id='word_1_203' title='bbox 972 2848 1025 2908; x_wconf 81' lang='lat' dir='ltr'>op-</span> 
     </span>
     <span class='ocr_line' id='line_1_28' title="bbox 97 2917 1054 3001; baseline -0.002 -21"><span class='ocrx_word' id='word_1_204' title='bbox 97 2917 255 3001; x_wconf 74' lang='lat' dir='ltr'>primendi</span> <span class='ocrx_word' id='word_1_205' title='bbox 274 2921 434 2980; x_wconf 69' lang='lat' dir='ltr'>coercitos.</span> <span class='ocrx_word' id='word_1_206' title='bbox 456 2922 559 2998; x_wconf 89' lang='lat' dir='ltr'>Neque</span> <span class='ocrx_word' id='word_1_207' title='bbox 581 2939 617 2980; x_wconf 91' lang='lat' dir='ltr'>ea</span> <span class='ocrx_word' id='word_1_208' title='bbox 635 2939 683 2980; x_wconf 92' lang='lat' dir='ltr'>res</span> <span class='ocrx_word' id='word_1_209' title='bbox 702 2920 789 2979; x_wconf 89' lang='lat' dir='ltr'>illum</span> <span class='ocrx_word' id='word_1_210' title='bbox 808 2920 925 2981; x_wconf 88' lang='lat' dir='ltr'>fefellit.</span> <span class='ocrx_word' id='word_1_211' title='bbox 948 2923 1054 2981; x_wconf 80' lang='lat' dir='ltr'>Namo</span> 
     </span>
     <span class='ocr_line' id='line_1_29' title="bbox 97 3014 1026 3095; baseline 0 -19"><span class='ocrx_word' id='word_1_212' title='bbox 97 3014 272 3093; x_wconf 85' lang='lat' dir='ltr'>Lysander,</span> <span class='ocrx_word' id='word_1_213' title='bbox 298 3032 367 3073; x_wconf 88' lang='lat' dir='ltr'>cum</span> <span class='ocrx_word' id='word_1_214' title='bbox 390 3033 444 3092; x_wconf 90' lang='lat' dir='ltr'>per</span> <span class='ocrx_word' id='word_1_215' title='bbox 465 3014 669 3093; x_wconf 90' lang='lat' dir='ltr'>speculatores</span> <span class='ocrx_word' id='word_1_216' title='bbox 690 3014 884 3094; x_wconf 89' lang='lat' dir='ltr'>comperisset</span> <span class='ocrx_word' id='word_1_217' title='bbox 898 3017 1026 3095; x_wconf 81' lang='lat' dir='ltr'>vulgum</span> 
     </span>
     <span class='ocr_line' id='line_1_30' title="bbox 102 3108 1026 3188; baseline -0.003 -15"><span class='ocrx_word' id='word_1_218' title='bbox 102 3108 334 3173; x_wconf 75' lang='lat' dir='ltr'>Atheniensium</span> <span class='ocrx_word' id='word_1_219' title='bbox 357 3108 388 3167; x_wconf 89' lang='lat' dir='ltr'>in</span> <span class='ocrx_word' id='word_1_220' title='bbox 408 3115 519 3169; x_wconf 88' lang='lat' dir='ltr'>terram</span> <span class='ocrx_word' id='word_1_221' title='bbox 531 3111 721 3188; x_wconf 54' lang='lat' dir='ltr'>‚praedatum</span> <span class='ocrx_word' id='word_1_222' title='bbox 740 3110 853 3182; x_wconf 86' lang='lat' dir='ltr'>exisse,</span> <span class='ocrx_word' id='word_1_223' title='bbox 873 3129 1026 3188; x_wconf 89' lang='lat' dir='ltr'>navesque</span> 
     </span>
     <span class='ocr_line' id='line_1_31' title="bbox 98 3200 1024 3281; baseline 0.002 -21"><span class='ocrx_word' id='word_1_224' title='bbox 98 3213 199 3274; x_wconf 79' lang='lat' dir='ltr'>paene</span> <span class='ocrx_word' id='word_1_225' title='bbox 214 3200 319 3261; x_wconf 90' lang='lat' dir='ltr'>inanes</span> <span class='ocrx_word' id='word_1_226' title='bbox 333 3201 463 3274; x_wconf 85' lang='lat' dir='ltr'>relictas,</span> <span class='ocrx_word' id='word_1_227' title='bbox 475 3206 595 3280; x_wconf 89' lang='lat' dir='ltr'>tempus</span> <span class='ocrx_word' id='word_1_228' title='bbox 609 3203 653 3262; x_wconf 94' lang='lat' dir='ltr'>rei</span> <span class='ocrx_word' id='word_1_229' title='bbox 664 3202 813 3281; x_wconf 86' lang='lat' dir='ltr'>gerendae</span> <span class='ocrx_word' id='word_1_230' title='bbox 828 3220 889 3263; x_wconf 76' lang='lat' dir='ltr'>nen</span> <span class='ocrx_word' id='word_1_231' title='bbox 900 3202 1024 3275; x_wconf 88' lang='lat' dir='ltr'>dimisit,</span> 
     </span>
     <span class='ocr_line' id='line_1_32' title="bbox 100 3293 709 3372; baseline 0.007 -20"><span class='ocrx_word' id='word_1_232' title='bbox 100 3309 199 3369; x_wconf 81' lang='lat' dir='ltr'>eoque</span> <span class='ocrx_word' id='word_1_233' title='bbox 209 3293 331 3372; x_wconf 86' lang='lat' dir='ltr'>impetu</span> <span class='ocrx_word' id='word_1_234' title='bbox 344 3295 460 3354; x_wconf 90' lang='lat' dir='ltr'>bellum</span> <span class='ocrx_word' id='word_1_235' title='bbox 476 3300 574 3356; x_wconf 86' lang='lat' dir='ltr'>totum</span> <span class='ocrx_word' id='word_1_236' title='bbox 586 3295 709 3356; x_wconf 90' lang='lat' dir='ltr'>delevit.</span> 
     </span>
    </p>

    <p class='ocr_par' dir='ltr' id='par_1_5' title="bbox 143 3385 1052 3455">
     <span class='ocr_line' id='line_1_33' title="bbox 143 3385 1052 3455; baseline 0.008 -13"><span class='ocrx_word' id='word_1_237' title='bbox 143 3385 186 3444; x_wconf 74' lang='lat' dir='ltr'>u.</span> <span class='ocrx_word' id='word_1_238' title='bbox 218 3388 257 3444; x_wconf 86' lang='lat' dir='ltr'>At</span> <span class='ocrx_word' id='word_1_239' title='bbox 287 3386 456 3448; x_wconf 89' lang='lat' dir='ltr'>Alcibiades</span> <span class='ocrx_word' id='word_1_240' title='bbox 491 3388 578 3448; x_wconf 89' lang='lat' dir='ltr'>victis</span> <span class='ocrx_word' id='word_1_241' title='bbox 605 3388 841 3450; x_wconf 89' lang='lat' dir='ltr'>Atheniensibus</span> <span class='ocrx_word' id='word_1_242' title='bbox 865 3408 926 3449; x_wconf 91' lang='lat' dir='ltr'>non</span> <span class='ocrx_word' id='word_1_243' title='bbox 954 3389 1052 3455; x_wconf 71' lang='lat' dir='ltr'>salisa</span> 
     </span>
    </p>
   </div>
   <div class='ocr_carea' id='block_1_3' title="bbox 102 3479 1048 3654">
    <p class='ocr_par' dir='ltr' id='par_1_6' title="bbox 102 3479 1048 3654">
     <span class='ocr_line' id='line_1_34' title="bbox 102 3479 1027 3562; baseline 0.011 -24"><span class='ocrx_word' id='word_1_244' title='bbox 102 3484 171 3538; x_wconf 81' lang='lat' dir='ltr'>lota</span> <span class='ocrx_word' id='word_1_245' title='bbox 185 3479 291 3539; x_wconf 90' lang='lat' dir='ltr'>eadem</span> <span class='ocrx_word' id='word_1_246' title='bbox 309 3481 373 3540; x_wconf 89' lang='lat' dir='ltr'>loca</span> <span class='ocrx_word' id='word_1_247' title='bbox 392 3481 448 3541; x_wconf 91' lang='lat' dir='ltr'>sibi</span> <span class='ocrx_word' id='word_1_248' title='bbox 463 3482 624 3555; x_wconf 88' lang='lat' dir='ltr'>arbitrans,</span> <span class='ocrx_word' id='word_1_249' title='bbox 637 3482 759 3562; x_wconf 88' lang='lat' dir='ltr'>penitus</span> <span class='ocrx_word' id='word_1_250' title='bbox 779 3484 813 3543; x_wconf 93' lang='lat' dir='ltr'>in</span> <span class='ocrx_word' id='word_1_251' title='bbox 823 3484 981 3545; x_wconf 88' lang='lat' dir='ltr'>Threciam</span> <span class='ocrx_word' id='word_1_252' title='bbox 995 3506 1027 3548; x_wconf 87' lang='lat' dir='ltr'>se</span> 
     </span>
     <span class='ocr_line' id='line_1_35' title="bbox 103 3575 1048 3654; baseline 0.01 -22"><span class='ocrx_word' id='word_1_253' title='bbox 103 3590 196 3649; x_wconf 91' lang='lat' dir='ltr'>supra</span> <span class='ocrx_word' id='word_1_254' title='bbox 216 3575 433 3652; x_wconf 86' lang='lat' dir='ltr'>Propontidem</span> <span class='ocrx_word' id='word_1_255' title='bbox 447 3575 573 3646; x_wconf 89' lang='lat' dir='ltr'>abdidit,</span> <span class='ocrx_word' id='word_1_256' title='bbox 591 3595 713 3654; x_wconf 89' lang='lat' dir='ltr'>sperans</span> <span class='ocrx_word' id='word_1_257' title='bbox 727 3577 768 3638; x_wconf 94' lang='lat' dir='ltr'>ibi</span> <span class='ocrx_word' id='word_1_258' title='bbox 783 3577 924 3638; x_wconf 89' lang='lat' dir='ltr'>facillime</span> <span class='ocrx_word' id='word_1_259' title='bbox 940 3599 1027 3641; x_wconf 89' lang='lat' dir='ltr'>suam</span> <span class='ocrx_word' id='word_1_260' title='bbox 1047 3645 1048 3648; x_wconf 50' lang='lat'>,</span> 
     </span>
    </p>
   </div>
   <div class='ocr_carea' id='block_1_4' title="bbox 10 3670 1057 3769">
    <p class='ocr_par' dir='ltr' id='par_1_7' title="bbox 10 3670 1057 3769">
     <span class='ocr_line' id='line_1_36' title="bbox 10 3670 1057 3769; baseline 0.008 -39"><span class='ocrx_word' id='word_1_261' title='bbox 10 3720 14 3769; x_wconf 36' lang='grc' dir='ltr'><strong><em>ἓ</em></strong></span> <span class='ocrx_word' id='word_1_262' title='bbox 104 3670 258 3731; x_wconf 83' lang='lat' dir='ltr'>fortunam</span> <span class='ocrx_word' id='word_1_263' title='bbox 271 3672 366 3731; x_wconf 86' lang='lat' dir='ltr'>occuli</span> <span class='ocrx_word' id='word_1_264' title='bbox 377 3691 481 3750; x_wconf 82' lang='lat' dir='ltr'>posse3</span> <span class='ocrx_word' id='word_1_265' title='bbox 507 3675 592 3734; x_wconf 89' lang='lat' dir='ltr'>falso.</span> <span class='ocrx_word' id='word_1_266' title='bbox 613 3677 688 3736; x_wconf 91' lang='lat' dir='ltr'>Nam</span> <span class='ocrx_word' id='word_1_267' title='bbox 707 3677 847 3746; x_wconf 72' lang='lat' dir='ltr'>Threces</span> <span class='ocrx_word' id='word_1_268' title='bbox 868 3683 1057 3754; x_wconf 69' lang='lat' dir='ltr'>postquame</span> 
     </span>
    </p>
   </div>
   <div class='ocr_carea' id='block_1_5' title="bbox 0 0 1229 4110">
    <p class='ocr_par' dir='ltr' id='par_1_8' title="bbox 0 0 1229 4110">
     <span class='ocr_line' id='line_1_37' title="bbox 0 0 1229 4110; baseline 0 0"><span class='ocrx_word' id='word_1_269' title='bbox 0 0 1229 4110; x_wconf 95' lang='lat' dir='ltr'> </span> 
     </span>
    </p>
   </div>
  </div>
 </body>
</html>
