2430 4110
378 358 436 425 ¹uv.
460 355 691 409 uuluruouols
713 358 736 407 1.
755 356 779 408 a.
1023 356 1056 408 57

397 509 461 574 XV,
487 508 776 571 arumnorum.

158 669 425 737 [Eranruoums
436 664 486 725 Pol
491 665 628 743 ymnidis
640 665 735 736 filius,
750 664 927 726 Thebanus,
941 667 984 726 De
996 665 1054 726 hoo
1069 672 1079 720 ι

112 761 295 842 priusquam
309 759 487 831 scribimus,
504 761 581 820 haec
597 761 816 839 praecipienda
830 760 978 821 videntur
992 762 1054 821 leo-

113 858 246 928 toribus,
269 874 308 915 ne
324 856 441 916 alienos
467 872 568 915 mores
593 857 632 916 ad
660 875 732 916 suos
748 857 895 928 referant,
913 874 992 916 neve
1018 874 1054 916 ea

110 969 192 1029 quae
207 948 284 1028 ipsis
298 948 415 1008 leviora
437 953 510 1008 suut
531 947 598 1026 pari
615 949 705 1008 modo
720 947 804 1027 apud
824 955 941 1009 ceteros
959 949 1052 1009 luisse

108 1044 314 1106 arbitrentur.
347 1042 469 1103 Scimus
499 1042 583 1102 enim
609 1042 749 1103 musicen
775 1044 887 1104 nostris
913 1043 1082 1106 moribusa

108 1134 221 1195 abesse
235 1150 253 1191 a
268 1129 419 1210 principis
434 1148 576 1208 persona,
598 1131 712 1192 saltare
725 1149 798 1191 vero
815 1132 908 1192 etiam
924 1132 955 1192 in
970 1132 1053 1194 viliis

108 1224 203 1307 poui;
221 1241 301 1301 quae
312 1223 417 1282 omnia
428 1222 510 1300 apud
524 1225 655 1284 Graecos
668 1229 698 1284 et
709 1230 797 1301 grata
808 1229 840 1284 et
851 1225 943 1284 laude
958 1225 1053 1303 digna

108 1323 283 1382 ducuntur.
301 1316 378 1376 Cum
394 1322 500 1376 autem
516 1317 688 1396 exprimere
703 1317 872 1396 imaginem
889 1327 1082 1380 consuetu-5

107 1414 195 1477 dinis
206 1419 301 1491 atque
312 1411 394 1472 vitae
407 1411 541 1473 velimus
557 1412 799 1491 Epaminondae,
818 1412 896 1472 nihil
909 1413 1054 1478 videmur

106 1508 226 1569 debere
237 1503 483 1585 praetermittere
495 1505 578 1582 quod
592 1505 747 1583 pertineat
758 1505 796 1564 ad
810 1523 879 1565 eam
893 1504 1053 1566 declaran-

107 1602 196 1662 dam.
213 1600 312 1670 Quare
327 1598 468 1657 dicemus
491 1597 629 1676 primum
652 1598 691 1658 de
704 1616 820 1676 genere
835 1597 914 1676 ejus,
938 1596 1081 1658 deinde⁴

108 1693 226 1773 quibus
236 1689 409 1770 disciplinis
425 1696 456 1750 et
470 1709 489 1749 a
504 1689 618 1768 quibus
630 1691 670 1750 sit
682 1690 839 1761 eruditus;
853 1694 919 1748 tum
932 1690 972 1749 de
986 1708 1053 1750 mo-

107 1786 199 1846 ribus
220 1783 399 1864 ingeniique
421 1783 633 1852 facultatibus,
657 1788 687 1844 et
703 1783 729 1844 si
745 1802 805 1860 qua
820 1783 881 1842 alia
902 1782 1054 1842 memoria

104 1879 206 1958 digua
230 1883 339 1948 eruot3
363 1883 521 1954 postremo
536 1877 575 1937 de
591 1876 684 1936 rebus
699 1876 807 1954 gestis
825 1894 904 1954 quae
922 1895 940 1935 a
954 1876 1053 1957 pluri-

108 1975 171 2035 mis
185 1973 325 2034 omnium
343 1976 577 2049 anteponuntur
591 1971 770 2034 virtutibus.

155 2073 188 2128 2.
207 2070 305 2129 Natus
319 2063 414 2143 igitur
430 2071 516 2144 patre
532 2083 593 2144 quo
615 2066 761 2139 diximus,
780 2085 894 2145 genere
908 2069 1049 2143 honesta,
1065 2064 1076 2113 ¹

110 2177 231 2238 pauper
237 2159 304 2237 jam
316 2177 333 2218 a
345 2157 514 2234 majoribus
526 2158 652 2220 relictus
666 2164 723 2228 est,
738 2161 879 2221 eruditus
891 2167 997 2221 autem
1009 2162 1055 2224 sic

111 2256 148 2312 ut
159 2269 253 2313 nemo
264 2249 431 2311 Thebanus
443 2251 553 2330 magis.
568 2252 644 2312 Nam
655 2252 874 2313 etcitharizare
887 2258 918 2314 et
930 2260 1055 2318 eantare

112 2348 153 2407 ad
166 2348 352 2409 chordarum
366 2366 478 2408 sonum
490 2348 598 2408 doctus
611 2352 687 2408 esta
699 2348 911 2428 Dionysio,qui
923 2369 985 2411 nou
997 2353 1055 2411 mi-

111 2459 188 2502 nore
203 2441 263 2501 tuit
278 2442 311 2502 in
326 2441 455 2504 musicis
470 2441 569 2519 gloria
584 2460 675 2518 quam
694 2444 811 2502 Damon
824 2448 878 2503 aut
889 2445 1052 2521 Lamprus,

112 2555 246 2614 quorum
271 2540 454 2617 pervulgata
481 2539 554 2595 sunt
583 2536 728 2608 nomiua;
759 2542 882 2599 cantare
908 2537 992 2598 tibiis
1014 2540 1053 2600 ab

113 2631 347 2709 Olympiodoro,
370 2632 485 2693 saltare
510 2649 528 2690 a
550 2631 759 2708 Calliphrdne.
783 2635 822 2692 At
841 2632 1082 2711 philosophiae2

10 2729 15 2735 '
113 2724 463 2803 praeceptoremhabuit
474 2723 581 2800 Lysim
591 2724 1051 2803 Tarentinum,Pythagoreun13

116 2819 164 2878 cui
186 2819 313 2896 quidem
336 2817 391 2880 sio
402 2818 461 2878 luit
483 2815 620 2889 deditus,
638 2823 673 2877 ut
687 2818 867 2878 adolescens
882 2818 1002 2878 tristem
1018 2839 1054 2878 ac

115 2931 259 2974 severum
281 2931 387 2973 senem
403 2911 548 2972 omnibus
568 2911 749 2988 aequalibus
764 2910 828 2971 suis
843 2910 874 2968 in
898 2911 1055 2972 familiari-

114 3012 178 3068 tate
193 3006 419 3083 anteposuerit,
436 3023 536 3082 neque
557 3003 643 3081 prius
658 3022 730 3064 eum
746 3024 763 3064 a
779 3024 812 3066 se
828 3005 946 3067 dimisit
962 3026 1053 3085 quam

115 3100 147 3161 in
160 3098 311 3160 doctrinis
325 3102 412 3159 tanto
423 3098 590 3158 antecessit
602 3097 838 3177 condiscipulos,
858 3105 892 3160 ut
907 3101 995 3161 lacilc
1010 3103 1055 3160 iu-

115 3192 216 3270 telligi
232 3197 337 3270 posset
352 3191 419 3269 pari
435 3191 526 3250 modo
542 3196 760 3268 superaturum
776 3210 884 3253 omnes
898 3193 931 3253 in
943 3194 1053 3255 ceteris

115 3286 247 3346 artibus.
263 3289 364 3363 Atque
386 3285 462 3344 haec
484 3284 523 3343 ad
546 3288 684 3344 nostram
701 3285 957 3346 cousuetudinem
981 3291 1081 3346 sunto

115 3377 344 3456 leviaetpotius
356 3377 595 3448 contemnenda
606 3382 637 3436 at
650 3377 681 3436 in
694 3378 832 3450 Graecia,
846 3379 952 3457 utique
966 3380 1051 3452 olim,
1064 3394 1065 3397 ’

118 3490 251 3563 magnae
266 3471 350 3532 laudi
366 3475 468 3530 eraut.
491 3472 657 3549 Postquam
681 3474 820 3550 ephebus
835 3478 882 3533 est
902 3477 1000 3535 factus
1023 3482 1084 3536 etl

116 3566 291 3644 palaestrae
306 3568 433 3646 operam
448 3565 522 3625 dare
544 3565 654 3642 eoepit,
680 3585 742 3625 non
757 3572 821 3627 tam
846 3570 1054 3647 magnitudini

109 3660 230 3721 uirium
247 3659 376 3721 servivit
384 3677 477 3738 quam
490 3658 661 3720 velocitati:
677 3660 762 3721 illam
774 3661 858 3722 enim
872 3661 911 3722 ad
923 3663 1056 3725 athleta-
