2430 4110
179 353 211 401 aa
550 352 579 400 x.
599 352 684 402 arou.
704 355 729 402 a.
785 414 791 425 ,

154 451 382 516 tduccbantur.
397 450 455 511 Sed
471 451 547 510 Dion
565 451 661 511 fretus
675 470 736 512 non
755 456 818 510 tam
834 452 897 512 suis
910 453 1004 532 copiis
1015 473 1109 533 quam

164 543 247 622 ,odio
258 543 392 623 tyranni,
412 542 544 602 marimo
555 542 657 602 animo
676 543 797 603 duabus
815 544 961 604 onerariis
978 546 1111 606 navibus

178 635 399 714 quinquaginta
411 653 562 694 annorum
574 634 737 713 imperium
749 681 756 705 ,
766 634 922 696 munitum
933 636 1111 716 quingentis

178 729 277 807 longis
301 729 441 799 navibus
467 728 573 788 decem
598 727 944 806 equitum-centumque
968 731 1109 809 peditum

176 822 312 894 milibus,
326 823 479 900 protectus
491 827 714 899 oppugnatum,
723 821 952 898 quodomnibus
963 824 1110 903 gentibus

176 916 356 976 admirabile
367 921 413 974 est
424 915 537 985 visum,
549 915 624 975 adeo
636 915 723 974 laeile
732 915 872 994 perculit,
887 921 921 975 ut
938 923 1006 995 post
1025 918 1108 981 diem

106 1032 164 1092 357
177 1006 542 1087 tertiumquamSiciliam
551 1007 704 1085 attigerat,
716 1008 1048 1085 Syracusasintroierit.
1063 1014 1108 1074 Ex

177 1124 238 1182 quo
263 1103 390 1180 intelligi
405 1106 503 1180 potest
524 1100 646 1160 nullum
663 1119 727 1160 esse
747 1102 910 1179 imperium
923 1109 1028 1163 tutum
1047 1106 1106 1166 nisi

146 1212 161 1256 r
174 1195 387 1256 benevolentia
400 1193 568 1253 munitum.
582 1195 626 1252 Eo
636 1197 771 1271 tempore
785 1194 889 1254 aberat
902 1194 1065 1274 Dionysius
1076 1203 1106 1258 el

173 1289 203 1349 iu
221 1292 306 1352 ltalia
322 1293 446 1351 classem
457 1290 674 1369 opperiebatur
684 1290 940 1363 adversariorum,
955 1298 1041 1353 ratus
1053 1313 1106 1355 ne-

172 1387 287 1446 minem
306 1387 371 1447 sine
392 1385 512 1462 magnis
539 1383 633 1461 copiis
654 1383 739 1443 adse
760 1389 937 1444 venturum.
961 1381 1104 1456 Quaeres

147 1496 160 1541 t
176 1497 247 1540 eum
259 1481 377 1539 fefellit.
392 1481 467 1538 Nam
480 1477 557 1537 Dion
574 1476 611 1536 iis
629 1476 700 1554 ipsis
715 1477 767 1555 qui
782 1477 840 1536 sub
855 1479 1020 1539 adversarii
1034 1481 1103 1541 sue·

172 1578 239 1631 rant
264 1576 410 1650 potestate
426 1569 524 1646 regios
543 1568 667 1647 spiritus
685 1570 841 1648 repressit,
863 1570 1017 1650 totiusque
1036 1574 1103 1652 ejus

172 1665 265 1743 partis
281 1665 399 1726 Siciliae
419 1663 533 1742 politus
548 1667 593 1722 est
614 1681 691 1740 quae
711 1664 768 1721 sub
782 1663 918 1742 Dionysii
932 1665 1032 1726 fuerat
1047 1685 1101 1746 po-

170 1764 289 1830 testate,
305 1759 430 1837 parique
443 1758 533 1818 modo
544 1755 630 1816 urbis
641 1757 860 1833 Syracusarum
871 1763 989 1835 praeter
996 1778 1098 1821 arcem

138 1875 147 1914 r
168 1857 199 1912 et
212 1853 344 1911 insulam
360 1852 536 1930 adjunctam
546 1851 682 1936 oppido,
706 1869 802 1928 eoque
816 1870 881 1911 rem
892 1853 1050 1930 perduxit,
1064 1861 1099 1915 ul

170 1945 280 2005 talibus
295 1946 485 2024 pactionibus
500 1963 606 2022 pacem
625 1948 774 2021 tyrannus
789 1945 886 2004 faeere
899 1945 991 2005 vellet
1005 1964 1012 2006 ι
1025 1947 1098 2008 Sici-

167 2037 238 2096 liam
251 2038 328 2097 Dion
338 2038 499 2106 obtineret,
513 2036 631 2096 Italiam
643 2035 816 2113 Dionysius,
831 2038 996 2114 Syracusas
1007 2041 1098 2117 Apol-

166 2131 305 2202 locrates,
319 2131 368 2190 cui
384 2131 547 2189 maximam
564 2129 656 2189 tidem
672 2128 725 2188 uni
740 2129 879 2189 babebat.
927 2194 930 2200 ,

142 2244 152 2289 1
208 2224 249 2280 6.
273 2225 410 2282 Hastam
429 2241 587 2301 prosperas
606 2228 727 2298 lamque
747 2221 915 2300 inopinatas
929 2241 977 2282 res
993 2242 1097 2285 conse-

167 2322 238 2375 cuta
252 2323 296 2376 est
308 2316 626 2385 subilacornmutatio,
639 2315 720 2392 quod
732 2317 853 2375 fortuna
865 2335 919 2375 sua
928 2317 1096 2380 mobilitate

138 2428 260 2486 aquem
273 2410 364 2487 paulo
381 2416 451 2469 ante
471 2409 620 2469 extulerat
641 2409 816 2486 demergere
831 2415 877 2469 est
891 2410 1006 2470 adorta.
1026 2411 1095 2470 Pri-

164 2523 251 2563 mum
276 2504 307 2562 in
327 2503 408 2573 lilio,
425 2504 462 2563 de
481 2523 541 2581 quo
560 2503 794 2563 commemoravi
808 2522 910 2581 supra,
924 2523 1012 2564 suam
1031 2505 1095 2564 vim

165 2597 310 2656 exercuit.
325 2600 400 2655 Nam
414 2615 485 2656 cum
502 2616 625 2657 uxorem
641 2597 822 2667 reduxisset,
838 2616 914 2674 quae
927 2597 979 2657 alii
993 2599 1094 2659 suerat

165 2691 286 2762 tradita,
303 2691 463 2766 filiumque
481 2691 571 2749 vellet
582 2709 723 2750 revocare
736 2690 774 2749 acl
790 2690 936 2750 virtutem
947 2710 965 2750 a
976 2693 1093 2770 perdita

164 2785 296 2855 luxuria,
310 2785 425 2862 accepit
435 2784 649 2863 grauissimum
662 2804 770 2863 parens
789 2787 902 2845 vulnus
914 2793 1011 2846 morte
1022 2786 1089 2846 lilii.

138 2905 153 2950 5
167 2879 281 2940 Deinde
300 2883 365 2938 orla
379 2878 579 2938 dissensioest
589 2878 669 2937 inter
682 2897 753 2938 eum
766 2883 795 2937 et
807 2879 1012 2950 lleraclidem3
1025 2881 1090 2959 qui,

164 2972 245 3049 quod
259 2972 463 3050 principatum
477 2991 536 3032 non
547 2973 808 3042 concedehat,.....
827 2972 989 3032 factionem
1007 2992 1091 3034 conr-

164 3065 292 3144 paravil.
310 3067 413 3142 Neque
433 3065 456 3123 is
476 3065 577 3124 minus
591 3064 709 3124 valebat
720 3065 801 3142 apud
818 3065 997 3144 oplimaleS,
1013 3087 1091 3145 quo-

156 3176 234 3217 rum
249 3176 397 3217 consensu
409 3163 546 3235 praeerat
559 3157 661 3229 classi,
679 3176 750 3216 cum
766 3159 841 3217 Dion
860 3159 1027 3218 exercitum
1039 3181 1091 3239 pe-

134 3252 296 3323 rdestrem
319 3256 446 3310 teneret.
463 3253 528 3310 Non
550 3252 621 3310 tulit
638 3252 696 3310 boc
716 3251 818 3310 animo
836 3270 932 3329 aequo
955 3252 1089 3323 Dion,et

164 3363 286 3404 versum
303 3345 388 3403 illum
406 3345 527 3404 Homeri
544 3344 647 3403 retulit
665 3345 848 3404 exsecranda
867 3345 1041 3423 rlrapsodia,
1058 3346 1087 3406 in

163 3457 223 3516 qno
238 3437 311 3496 baec
325 3439 475 3497 sententia
487 3443 532 3497 cst
547 3456 553 3495 :
571 3456 632 3497 non
647 3456 732 3515 pesse
743 3438 821 3496 bcne
832 3439 895 3516 geri
911 3457 975 3497 rem
986 3440 1086 3517 publi·

164 3549 229 3589 cam
249 3531 417 3589 mullorum
439 3531 583 3608 imperiis.
605 3531 691 3600 Quod
712 3531 826 3589 dictum
846 3549 955 3608 magna
973 3531 1086 3593 invidia

160 3632 321 3686 rzorrsecuta
342 3632 397 3686 est.
422 3629 557 3703 Namque
576 3627 728 3704 aperuisse
752 3627 912 3686 videbatur
934 3627 1036 3686 omnia
1055 3628 1085 3686 in
