2430 4110
397 363 449 414 xx.
469 363 641 417 TlllOLEON.
661 369 686 418 l.
983 372 1016 420 85

70 467 158 530 bello
173 466 368 528 vacuefactas
382 465 596 544 possessiones
612 466 735 542 divisit;
753 469 879 531 urbium
892 471 1016 532 moenia

71 560 1016 644 disjectaianaquedescrtareiecit;civitatibuslegesliberta·

72 665 202 738 temque
217 655 372 729 reddidit3
389 674 427 717 ex
442 656 577 718 maximo
589 657 672 719 bello
684 665 807 720 tantum
822 661 918 721 otium
934 667 1015 722 totae

73 751 200 814 insulae
214 749 402 822 conciliavit,
419 755 455 810 ut
465 749 516 811 hic
529 749 672 812 conditor
682 752 807 813 urbium
818 771 939 827 earum,
950 773 1014 815 non

73 846 122 909 illi
137 846 190 926 qui
205 843 296 906 initio
308 844 515 916 deduxerant,
529 843 700 907 videretur.
712 849 836 919 Arcem,
854 847 1014 926 Syracusis
1028 862 1045 911 ὅ

73 960 171 1021 quam
177 939 336 1000 munierat
344 937 512 1016 Dionysius
520 937 560 999 ad
573 939 682 1002 urbem
693 940 907 1013 obsidendam,
917 961 936 1002 a
946 943 1015 1002 sun-

75 1033 234 1098 damentis
249 1031 394 1111 disjecit;
409 1036 512 1093 cetera
522 1032 699 1111 tyrannidis
714 1036 947 1114 propugnacula
963 1035 1014 1096 de-

74 1129 205 1191 molitus
220 1131 279 1200 est,
292 1125 441 1205 deditque
453 1144 582 1206 operam
598 1131 632 1188 ut
647 1147 741 1206 quam
764 1128 894 1190 minime
916 1130 1014 1191 multa

73 1223 207 1303 vestigia
219 1221 379 1283 servitutis
395 1226 571 1284 manerent.
588 1222 666 1282 Cum
679 1223 776 1285 tantis
790 1230 874 1286 esset
890 1225 1011 1303 opibus,
1025 1241 1042 1290 t

73 1327 111 1383 ut
126 1317 221 1381 etiam
238 1314 346 1378 invitis
360 1315 516 1397 imperare
530 1322 646 1397 posset,
664 1323 788 1379 tantum
803 1323 905 1379 autem
927 1338 1013 1381 amo·

72 1433 143 1479 rem
157 1413 290 1491 haberet
315 1412 457 1473 omnium
477 1410 664 1485 Siculorum,
689 1418 724 1474 ut
740 1412 826 1474 nullo
850 1420 1013 1476 recusante

73 1526 211 1590 regnum
225 1506 368 1570 obtinere
379 1507 498 1580 liceret,
514 1505 627 1591 maluit
641 1525 675 1568 se
689 1507 777 1587 diligi
792 1526 887 1586 quam
901 1507 1012 1570 metui.

72 1605 196 1684 Itaque,
235 1621 307 1663 cum
339 1600 477 1682 primum
513 1598 626 1680 potuit,
665 1601 831 1681 imperium
870 1601 1015 1681 deposuit

74 1721 113 1765 ac
128 1698 269 1781 privatus
283 1694 457 1775 Syracusis,
475 1694 558 1773 quod
570 1695 725 1774 reliquum
742 1695 824 1756 vitae
837 1695 907 1767 fuit,
924 1694 1011 1757 vixit.

74 1798 184 1874 Neque
200 1809 275 1854 vcro
301 1791 334 1852 id
349 1789 493 1869 imperite
508 1788 600 1850 fecit:
615 1807 690 1850 nam
712 1789 793 1868 quod
809 1788 901 1849 ceteri
925 1792 1042 1866 regest

71 1888 209 1971 imperio
223 1890 406 1967 potuerunt,
423 1883 474 1945 hic
485 1883 703 1946 benevolentia
715 1883 827 1945 tenuit.
841 1882 950 1943 Nullus
961 1882 1028 1943 hn-

70 2003 133 2048 nos
144 1981 222 2044 huic
238 1979 350 2053 deluit,
366 1995 469 2056 neque
484 1982 592 2057 postea
606 1976 731 2040 resulta
744 1977 906 2057 Syracusis
926 1980 1016 2056 gesta

74 2084 125 2143 est
140 2075 279 2158 publice,
292 2075 332 2136 ds
343 2093 404 2154 qua
414 2072 502 2153 prius
513 2072 553 2134 sit
564 2072 724 2134 decretum
737 2091 831 2150 quam
843 2071 1015 2134 Timoleon-

69 2174 113 2235 tis
136 2170 295 2233 sententia
315 2167 454 2249 cognita.
470 2165 593 2227 Nullius
608 2184 759 2245 umquam
774 2163 937 2227 consilium
950 2179 1043 2230 none

69 2269 165 2333 modo
191 2264 378 2336 antelatum,
407 2261 462 2324 sed
491 2280 531 2323 ne
565 2267 779 2341 comparatum
803 2261 930 2342 quidem
955 2269 1012 2337 est,

70 2380 175 2443 neque
190 2359 223 2421 id
245 2357 346 2436 magis
374 2356 443 2435 ejus
469 2356 689 2419 benevolentia
712 2358 829 2420 sactum
853 2363 901 2420 est
918 2377 1013 2436 quam

73 2454 254 2539 prudentia.

112 2585 149 2639 Δ,
165 2575 224 2637 Hic
245 2591 316 2635 cum
338 2576 440 2633 aetate
458 2570 525 2649 jam
550 2575 716 2650 provectus
741 2577 835 2645 essct,
859 2569 926 2632 sinc
948 2569 1039 2632 ullol

69 2678 182 2742 morbo
196 2677 318 2737 lumina
333 2673 494 2735 oculorum
509 2670 625 2734 amisit.
640 2671 738 2743 Quam
750 2672 957 2734 calamitatem
970 2672 1013 2734 ita

67 2772 233 2835 moderate
246 2768 329 2842 tulit,
344 2773 380 2830 ut
391 2783 493 2844 neque
506 2783 578 2827 eum
588 2766 943 2844 querentemquisquam
955 2785 1011 2826 au·

69 2864 175 2937 dicut,
190 2879 293 2941 neque
304 2877 340 2922 eo
351 2858 457 2921 minus
469 2857 597 2938 privatis
610 2858 804 2937 publicisque
816 2857 1012 2921 rebusinter-

66 2955 176 3020 fuerit.
194 2953 350 3015 Veniebat
361 2957 466 3014 autem
478 2951 510 3012 in
524 2953 780 3025 theatrum-cum
793 2950 836 3012 ibi
848 2949 1040 3012 concilium2

66 3047 178 3131 populi
189 3047 372 3119 haberetur,
387 3050 514 3125 propter
525 3043 853 3106 valetudinemvectus
860 3045 1012 3124 jumentis

62 3144 198 3226 junctis,
214 3148 307 3222 atque
323 3141 366 3204 ita
377 3141 417 3203 de
428 3139 571 3203 vehiculo
584 3159 663 3220 quae
678 3141 866 3205 videbantur
876 3141 1011 3205 dicebat.

67 3243 179 3319 Neque
199 3239 258 3300 hoc
282 3236 328 3299 illi
353 3235 518 3315 quisquam
544 3233 704 3297 tribuebat
725 3233 910 3314 superbiae:
935 3236 1012 3298 nihil

67 3331 155 3394 enim
168 3347 319 3410 umquam
335 3346 439 3407 neque
456 3325 594 3388 insolens
608 3346 711 3406 neque
725 3326 895 3405 gloriosum
912 3346 949 3388 ex
960 3346 1012 3391 ore

68 3425 139 3505 ejus
155 3424 242 3487 exiit.
257 3423 313 3495 Qui
331 3422 459 3501 quidem
479 3440 551 3482 cum
571 3439 644 3482 suas
666 3421 775 3482 laudes
790 3421 913 3483 audiret
928 3421 1041 3502 prae-³

66 3519 177 3593 dicari,
194 3536 366 3597 numquam
379 3514 465 3576 aliud
482 3514 560 3575 dixit
575 3533 667 3592 quam
685 3533 719 3577 sc
730 3515 762 3575 in
779 3534 815 3577 ea
829 3535 861 3577 rc
878 3516 1012 3578 maxime

66 3613 129 3678 diis
152 3631 247 3694 agere
268 3611 386 3690 gratias
407 3614 500 3688 atque
524 3609 652 3684 hebere,
677 3609 771 3687 qnod,
788 3628 859 3670 cum
875 3608 1012 3670 Siciliam

64 3725 209 3773 recreare
221 3703 471 3779 constituissent,
484 3709 550 3765 tum
564 3721 597 3767 se
610 3703 808 3784 potissimum
820 3702 931 3765 ducem
945 3721 1014 3768 esse
