2430 4110
170 358 204 404 5!
464 355 527 404 XIV.
548 355 705 405 aurnuns.
725 356 749 406 ὅ.
768 354 793 406 θ.

145 471 158 516 l
216 457 254 515 5.
272 459 353 516 Haec
371 455 445 516 dum
468 460 635 535 geruntur,
661 460 840 518 Artaxerxes
866 456 1064 518 reminiscens
1083 474 1102 516 a

171 555 285 627 quanto
300 549 380 610 bello
403 549 550 628 adquam
568 568 694 628 parvam
709 569 775 610 rem
798 550 967 630 principem
986 549 1101 610 ducum

171 643 312 715 misisset,
324 662 356 704 se
370 643 434 722 ipse
448 645 656 723 reprehendit,
671 649 701 704 et
720 644 866 704 nuntium
881 643 920 702 ad
933 641 1101 702 exercitum

171 741 252 797 Acen
264 733 366 810 mittit,
374 737 455 814 quod
471 737 608 796 nondum
620 739 767 808 Datamen
780 738 949 814 profectum
960 735 1098 814 parabat,

170 831 222 908 qui
237 830 351 890 diceret
374 849 413 890 ne
434 831 472 889 ah
487 831 622 890 exercitu
646 830 826 891 diseederet.
853 831 908 890 Hic
922 829 1098 908 priusquam

171 924 343 1004 perveniret
364 943 425 1002 quo
447 931 512 984 erat
525 926 695 1004 profectus,
714 924 745 984 in
761 925 869 985 itinere
884 923 1027 984 convenit
1046 919 1098 999 qui

141 1017 275 1096 2Aspim
290 1017 452 1077 ducebant.
469 1018 535 1088 Qua
550 1019 702 1078 celeritate
717 1036 787 1077 cum
802 1035 945 1096 magnam
965 1015 1099 1075 berrave-¹

170 1110 297 1170 lentium
316 1112 396 1190 regis
410 1115 550 1173 Datames
571 1119 752 1173 consecutus
766 1117 859 1183 esset,
876 1129 938 1170 non
949 1109 1099 1168 minorem

170 1204 317 1265 invidiam
334 1206 505 1265 aulicorum
529 1208 657 1285 excepit,
675 1208 756 1285 quod
775 1207 863 1266 illum
884 1223 984 1264 unum
1003 1202 1098 1281 pluris

169 1317 262 1376 quam
277 1318 307 1360 sc
322 1319 428 1360 omnes
442 1301 509 1360 fieri
521 1301 675 1362 videbunt.
690 1303 755 1372 Ouo
766 1303 844 1360 facto
859 1299 961 1359 cuncti
974 1297 1012 1356 ad
1027 1316 1098 1357 eum

141 1395 406 1473 supprimendum
432 1401 663 1456 consenserunt.
698 1399 779 1456 Haec
797 1395 984 1464 Pandantes,
1008 1410 1098 1470 gazae

169 1493 269 1547 custos
283 1488 382 1566 regiae
394 1533 401 1556 ‚
415 1488 530 1549 amicus
545 1491 674 1562 Datami,
695 1489 860 1568 perscripta
881 1488 908 1547 ei
931 1487 1042 1557 mittit,
1067 1486 1097 1544 iu

168 1580 280 1660 quibus
291 1580 377 1640 docet
395 1599 466 1640 cum
488 1601 598 1661 magno
612 1584 674 1642 fore
689 1582 835 1663 periculo,
849 1580 959 1658 siquid
974 1580 1025 1639 illo
1040 1579 1097 1637 im-

139 1679 293 1752 rperante
314 1674 432 1733 adversi
459 1674 491 1732 in
510 1678 647 1754 Aegypto
670 1676 836 1735 acci‘lisset¹
863 1677 1001 1750 Namque
1030 1690 1097 1730 earn

167 1786 231 1828 csse
246 1768 498 1827 consuetudinem
512 1770 638 1848 regiam,
657 1774 691 1829 ut
703 1788 790 1829 casus
804 1769 947 1828 adversos
962 1765 1097 1826 homiui-

166 1860 225 1921 bus
259 1861 412 1931 tribuant,
442 1863 591 1922 secundos
614 1864 753 1922 fortunae
781 1878 871 1934 suae;
899 1880 959 1938 quo
982 1859 1098 1920 fierint

167 1955 252 2015 facile
276 1955 471 2033 impellantur
493 1958 531 2016 ad
546 1976 651 2017 eorum
680 1957 986 2036 perniciemquorum
1002 1956 1097 2014 ductu

166 2066 214 2107 res
232 2049 311 2107 male
325 2054 426 2126 gestae
449 2051 642 2110 nuntientur.
663 2051 755 2109 lllum
771 2051 827 2110 hoe
846 2051 960 2127 majore
982 2049 1046 2108 fore
1064 2048 1096 2106 in

166 2139 359 2211 discrimine,
377 2142 457 2218 quod
477 2143 589 2218 quibus
604 2164 657 2204 rex
681 2143 812 2203 maxime
827 2142 949 2223 obediat
976 2160 1026 2200 eos
1044 2141 1097 2200 lra-

139 2234 233 2292 5bcat
254 2233 489 2294 inimicissimos.
514 2239 638 2298 'l'alihus
658 2238 708 2297 illc
732 2238 841 2297 litteris
859 2235 1002 2313 cognitis,
1025 2254 1096 2294 oum

162 2329 226 2406 jam
238 2329 276 2387 ad
287 2329 453 2388 exercitum
468 2332 549 2390 Acen
563 2333 705 2404 venisset,
722 2332 804 2409 quod
818 2330 1050 2408 non'ignorahat
1062 2347 1096 2389 ea

166 2441 237 2482 vere
253 2423 542 2501 scripta‚descisccre
558 2445 661 2503 aroge
677 2425 845 2496 coustituit,
870 2442 968 2501 neque
994 2428 1096 2483 tamen

53 2520 58 2526 ’
139 2516 328 2594 sorricquam
340 2517 408 2576 tecit
420 2518 501 2595 quod
513 2518 573 2578 tide
585 2539 639 2579 sua
650 2526 725 2579 esset
740 2519 911 2597 indignum.
925 2519 999 2575 Nam
1012 2516 1096 2576 Man-

166 2610 289 2668 drdclen
309 2612 482 2687 Magnetem
494 2613 638 2671 exercitui
649 2612 790 2690 praefecit
802 2631 809 2683 ;
827 2611 889 2688 ipse
902 2628 973 2669 cum
987 2609 1051 2668 suis
1065 2609 1094 2667 in

167 2703 383 2780 Cappadociam
400 2703 525 2762 discedit
537 2705 815 2783 ,conjunctamque
830 2703 902 2762 huic
924 2700 1095 2779 Paphlago-

166 2795 248 2855 niam
259 2802 396 2874 occupat,
414 2797 579 2874 celansqun
593 2797 995 2873 veluntateessetinregem.
1011 2795 1094 2854 Clam

166 2909 237 2948 cum
257 2890 539 2950 Arioharnunefacit
560 2891 739 2961 amicitiam,
770 2908 896 2948 manum
921 2895 1092 2966 comparat,

166 2982 258 3041 urbes
272 2982 406 3041 munitas
416 2981 479 3040 suis
490 2982 619 3041 tuendas
634 2983 736 3041 tradit.

139 3081 152 3126 ¹
209 3079 248 3136 o.
265 3079 324 3138 Sed
339 3079 413 3137 haec
427 3084 548 3156 propter
563 3079 691 3138 triennale
704 3084 824 3156 tempus
839 3076 942 3135 minus
952 3096 1094 3156 prospere

166 3172 378 3248 procedebant.
396 3171 487 3229 Audit
500 3170 615 3230 Pis1das
633 3173 779 3249 quasdam
794 3171 893 3249 copias
906 3170 1052 3231 adversus
1062 3191 1094 3233 se

166 3283 282 3343 parare.
302 3264 413 3322 Filium
428 3283 463 3323 co
474 3265 635 3323 Arsideum
647 3284 718 3324 cum
732 3265 867 3324 exercitu
882 3263 976 3322 mittit
992 3281 998 3322 :
1014 3266 1094 3326 eadit

168 3357 199 3415 in
214 3357 327 3436 proelio
338 3357 521 3416 adolescens.
537 3357 743 3416 Proficiscitur
754 3376 789 3416 eo
803 3362 888 3435 pater
897 3375 958 3417 non
971 3357 1011 3415 ita
1023 3376 1093 3419 cum

167 3468 277 3527 magna
290 3467 396 3520 mann,
416 3449 516 3509 celans
530 3455 679 3527 quantum
695 3452 808 3509 vulnus
822 3449 996 3527 accepisset,
1012 3452 1093 3528 quod

167 3544 251 3623 prius
268 3544 305 3602 ad
326 3544 443 3602 lrostcrn
459 3544 617 3620 pervenire
641 3544 782 3622 cupiebat
797 3563 890 3622 quarn
914 3545 951 3604 de
966 3547 1046 3605 male
1060 3566 1093 3607 re

167 3643 250 3726 gesta
270 3637 351 3706 fama
371 3636 409 3703 ad
430 3655 500 3698 suos
521 3638 706 3717 perveniret,
721 3656 759 3709 no
784 3638 903 3720 cognita
920 3638 977 3707 filii
996 3646 1093 3708 morto
