2430 4110
218 406 249 456 ld
528 404 567 456 tv.
584 405 765 458 PllUSllNlllS.
783 407 803 456 l.
817 403 841 458 2.

218 507 345 570 arbitrio
371 508 583 587 quadringena
608 515 639 570 ct
668 528 822 590 sexagena
847 510 964 572 talenta
986 512 1152 590 quotannis

218 602 328 661 Delum
352 607 425 663 sunt
439 603 565 663 collata:
582 603 614 663 id
630 603 714 663 enim
730 622 894 665 commune
915 605 1069 666 aerarium
1085 618 1153 668 esse

218 695 394 755 voluerunt.
413 697 495 766 Quae
511 696 612 758 omnis
625 696 756 776 pecunia
768 703 889 776 postero
905 703 1045 777 tempore
1061 699 1155 759 Athe-

194 797 275 849 anas
294 789 442 848 translata
466 793 525 848 est.
542 789 599 850 Hic
614 808 674 868 qua
695 790 787 851 fuerit
813 790 1001 852 abstinentia
1029 791 1154 850 nullum

220 888 267 942 est
289 881 401 942 certius
427 880 575 943 iudicium
599 901 692 961 quam
716 883 812 962 quod,
839 902 911 944 cum
937 883 1032 945 tantis
1060 884 1156 946 rebus

220 975 413 1056 praefuisset,
431 975 464 1035 in
481 981 563 1037 tanta
575 982 757 1057 paupertate
772 977 918 1049 decessit,
936 983 972 1038 ut
989 976 1042 1056 qui
1064 975 1156 1039 effer·

195 1067 307 1128 5retur
328 1067 378 1128 vix
399 1067 571 1146 reliquerit.
595 1071 659 1140 Quo
674 1072 790 1131 tactum
807 1075 855 1130 cst
871 1075 905 1145 ut
919 1069 1000 1130 filiae
1015 1069 1083 1147 ejus
1098 1087 1157 1147 pu·

220 1161 301 1222 hlice
315 1161 481 1236 alerentur,
500 1167 532 1222 et
552 1163 591 1223 de
614 1162 771 1223 communi
793 1161 911 1223 aerario
934 1160 1059 1245 dotibus
1073 1161 1156 1221 datis

221 1254 454 1315 collocarentur.
472 1256 611 1317 Decessit
631 1262 737 1317 autem
751 1257 815 1316 fere
837 1261 906 1334 post
930 1273 1048 1314 annum
1064 1271 1157 1332 quar-

140 1356 199 1417 loe
221 1357 288 1412 tum
304 1369 397 1430 quam
416 1352 639 1415 Themistocles
655 1352 783 1414 Athenis
795 1357 862 1414 erat
874 1351 1031 1433 expulsus.

538 1541 592 1606 IV.
607 1539 843 1608 Pausanias.

200 1722 211 1773 ¹
265 1739 297 1792 1.
321 1731 499 1805 Pausaaias,
523 1731 798 1805 Lacedaemonius,
820 1748 953 1811 magnus
968 1730 1074 1800 homo,
1099 1726 1154 1788 sed

222 1826 327 1886 varius
341 1827 374 1886 in
389 1827 471 1886 oanni
494 1845 608 1904 genere
629 1829 710 1889 vitae
732 1829 807 1888 luit:
838 1847 911 1888 uam
936 1831 973 1886 ut
987 1822 1155 1884 virtutibus

198 1909 332 1993 2eluxit,
352 1922 396 1980 sic
411 1921 494 1982 vitiis
509 1927 556 1982 est
567 1922 710 1983 obrutus.
731 1923 830 2000 Hujus
845 1919 1092 1981 illustrissimum
1108 1917 1157 1975 est

143 1998 202 2062 479
224 2013 377 2092 proelium
393 2013 476 2091 apud
490 2014 641 2075 Plataeas.
656 2017 794 2091 Namque
809 2013 862 2074 illo
874 2013 953 2073 duce
964 2009 1154 2078 Mardonius,

224 2115 363 2188 satrapes
376 2111 491 2188 regius,
508 2110 632 2170 natione
644 2110 763 2182 Medus,
780 2108 861 2186 regis
876 2125 983 2187 gener,
1000 2102 1155 2183 inprimis

225 2204 364 2264 omnium
379 2206 543 2266 Persarum
569 2211 600 2267 et
617 2224 710 2266 manu
732 2205 819 2265 fortis
834 2209 866 2265 et
887 2201 1007 2264 consilii
1030 2199 1154 2283 plenus,

225 2316 295 2358 cum
311 2297 455 2358 ducentis
479 2297 606 2358 milibus
621 2297 773 2375 peditum,
797 2314 873 2374 quos
893 2294 1009 2354 viritim
1024 2294 1155 2369 legerat,

225 2397 256 2452 et
269 2390 378 2469 viginti
400 2390 552 2470 equitum,
580 2391 664 2451 haud
689 2391 733 2451 ita
756 2409 870 2468 magna
891 2407 986 2448 manu
1011 2384 1158 2447 Graeciae

178 2470 216 2525 ³⁴
226 2488 350 2565 l'ugatus
365 2491 423 2558 cst,
446 2504 542 2564 eoque
560 2485 626 2564 ipse
640 2485 702 2545 dux
717 2485 829 2546 cecidit
843 2482 970 2562 proelio.
986 2481 1052 2552 Qua
1063 2477 1160 2539 victo·

227 2580 384 2639 ria-elatus
399 2578 532 2657 plurima
548 2579 677 2639 miscere
700 2577 801 2656 coepit
816 2582 847 2637 et
861 2575 979 2654 majora
993 2571 1159 2650 concupis-

226 2671 383 2741 cerefied
396 2671 531 2750 primurn
544 2671 575 2730 in
592 2689 627 2731 eo
640 2675 688 2732 est
701 2670 919 2749 reprehensus,
934 2667 1016 2745 quod
1032 2683 1104 2726 cum
1120 2683 1159 2725 ex

227 2767 342 2846 praeda
357 2767 511 2846 tripodem
527 2785 656 2827 aureum
676 2765 802 2844 Delphis
824 2763 988 2843 posuisset,
1006 2760 1160 2839 epigram-

227 2881 277 2921 ma
293 2860 460 2940 inscripsit,
484 2859 517 2919 in
533 2878 592 2938 quo
606 2861 682 2920 haec
699 2864 765 2922 erat
793 2855 963 2918 sententia:
982 2873 1038 2914 suo
1062 2852 1160 2913 ductu

227 2955 374 3016 barbaros
388 2953 469 3031 apud
482 2953 621 3012 Plataeas
637 2971 704 3013 esse
720 2952 849 3021 deletos,
867 2949 996 3027 ejusque
1012 2944 1160 3006 victoriae

203 3052 302 3125 tergo
324 3045 457 3124 Apollini
472 3045 503 3104 id
518 3045 636 3104 donum
652 3044 787 3104 dedisse.
804 3045 868 3103 Hoc
882 3059 992 3101 versus
1010 3038 1163 3099 Lacedae·

228 3141 324 3202 niorrii
336 3141 580 3218 exsculpserunt,
594 3157 695 3217 neque
706 3139 789 3200 aliud
802 3137 993 3214 scripserunt
1002 3151 1094 3212 quam
1108 3151 1162 3192 no·

228 3236 442 3297 minaeorum
468 3232 627 3294 civitatum
652 3251 783 3311 quarum
804 3231 918 3292 auxilio
944 3231 1056 3289 Persae
1072 3232 1164 3287 erant

227 3328 312 3390 victi.

148 3439 206 3501 apg
270 3430 305 3484 2.
323 3425 397 3484 Post
411 3422 443 3482 id
466 3422 618 3500 proelium
630 3421 764 3482 eundem
779 3421 964 3480 Pausaniam
976 3434 1046 3477 cum
1063 3413 1163 3476 classe

132 3532 134 3535 ’
228 3519 385 3578 communi
396 3521 531 3595 Cyprum
542 3523 636 3594 atque
652 3516 887 3592 Hellespontum
900 3511 1064 3581 miserunt,
1079 3514 1114 3568 ut
1125 3526 1165 3570 ex

46 3600 51 3615 '
203 3611 276 3670 aliis
293 3609 472 3686 regionibus
487 3608 689 3667 harbarorum
711 3605 864 3684 praesidia
886 3603 1066 3681 depelleret.
1092 3602 1164 3661 Pari

228 3705 374 3764 felicitate
387 3703 418 3762 in
434 3720 470 3761 ca
480 3719 514 3760 re
526 3718 602 3760 usus
615 3699 770 3761 elatiusse
785 3716 893 3776 gerere
906 3695 1005 3775 coepit
1017 3693 1166 3771 majores-
