2430 4110
401 351 463 394 MV.
490 347 648 394 nn'rnnns.
672 345 698 390 7,
753 344 756 350 “
994 339 1027 390 53
1064 352 1072 383 t

100 447 188 513 mimi
213 446 445 507 debilitarentur
467 444 612 505 miiitum.
630 445 695 515 Ouo
710 443 904 504 contenderat
922 459 1053 520 parve-2

102 543 151 614 nit,
165 541 262 619 iisque
283 539 356 601 locis
369 542 466 599 castra
479 537 583 617 ponit,
608 542 642 597 ut
655 554 754 615 neque
775 535 929 597 circumiri
942 535 1025 594 mul·

96 634 226 696 titudine
249 631 493 694 adversariorum
521 635 638 710 posset,
669 648 768 707 neque
793 629 935 708 impediri
965 647 1025 707 quo

96 727 197 790 minus
208 725 216 785 i
219 743 271 805 pse
285 725 322 784 ad
333 723 542 784 dimicandum
557 742 684 782 manum
698 723 825 782 haberet
837 722 1021 801 expeditam.

95 822 167 880 Erat
186 837 257 879 cum
282 835 317 878 eo
341 817 601 888 Metrobarzanes‚
633 833 717 875 socer
741 815 827 894 ejus,
851 817 1051 894 praefectust

95 915 246 992 equitum.
258 913 287 972 Is
296 911 461 990 desperatis
471 909 675 989 generirehus
686 909 724 968 ad
733 909 834 969 hostes
842 909 1020 989 transfugit.

97 1007 132 1067 Id
144 1009 285 1066 Datames
300 1009 336 1063 ut
349 1002 484 1074 audivit,
514 1001 619 1074 sensit,
637 1001 662 1061 si
678 1000 711 1060 in
725 1003 848 1061 turbam
863 1003 972 1064 exisset
985 1003 1023 1062 ab

79 1098 219 1159 momine
241 1103 303 1156 tam
323 1094 491 1155 necessario
511 1113 543 1154 se
558 1094 710 1164 relictum,
726 1094 869 1153 futurum
882 1100 915 1154 ut
930 1095 1022 1156 ceteri

96 1191 256 1253 consilium
268 1194 480 1267 sequerentur.
495 1190 531 1248 In
542 1189 653 1268 vulgus
664 1189 726 1248 edit
740 1208 796 1250 sno
803 1189 893 1268 jussu
908 1191 1020 1251 Metro·
1035 1206 1050 1250 r

96 1285 258 1344 barzanem
269 1282 438 1360 profectum
453 1301 507 1361 pro
521 1284 659 1362 perfuga,
676 1302 737 1362 quo
750 1283 869 1344 facilins
883 1291 1023 1365 receptus

96 1375 280 1436 interficeret
300 1375 419 1446 hostcs;
432 1372 526 1454 qnare
536 1375 669 1453 relinqui
687 1394 758 1436 eum
774 1394 827 1454 par
839 1394 901 1435 non
916 1395 980 1436 esse
992 1383 1023 1439 et

96 1489 201 1532 omnes
211 1470 369 1531 confestim
377 1471 462 1548 sequi
476 1471 573 1549 ;quod
584 1471 608 1531 si
619 1471 721 1532 animo
735 1477 859 1532 strenuo
869 1471 1021 1545 fecissent,

96 1566 236 1625 futurum
260 1568 293 1622 ut
312 1563 475 1623 adversarii
502 1583 563 1624 non
587 1571 710 1643 possent
727 1565 882 1633 resistere,
899 1585 970 1626 cum
992 1572 1022 1627 et

97 1659 177 1718 intra
187 1659 303 1718 vallum
316 1663 345 1717 et
358 1657 429 1717 foris
441 1657 649 1717 caederentur.
664 1660 727 1718 Hac
740 1659 909 1737 reprobata
925 1677 1014 1720 exer·
1032 1672 1048 1719 5

97 1753 192 1812 citum
209 1752 322 1823 educit,-
337 1751 596 1811 utenoharzenem
610 1751 803 1830 persequitur
814 1757 952 1824 tantum;
969 1758 1021 1832 qui

97 1865 167 1906 cum
180 1846 328 1907 adhostes
342 1850 532 1924 pervenerat,
552 1847 693 1905 Datames
707 1845 794 1924 signa
804 1845 909 1906 inferri
917 1847 930 1925 j
935 1847 1017 1907 ubet.

97 1941 214 2001 Pisidae
225 1958 304 2000 nova
314 1957 347 2000 re
356 1939 497 1999 commoti
509 1938 541 1997 in
555 1938 728 2017 opinionem
740 1938 937 1999 adducuntur
949 1959 1018 2019 per·
1033 1955 1051 2005 a

96 2033 182 2112 fugas
197 2032 276 2092 mala
288 2031 348 2091 fide
363 2031 587 2110 compositoque
601 2031 717 2103 fecisse,
733 2037 769 2091 ut
780 2034 893 2112 recepti
913 2034 1020 2113 majori

98 2131 195 2186 essent
220 2124 395 2185 calamitati.
424 2125 564 2184 Primum
586 2143 636 2186 eos
655 2124 846 2190 adoriuntur,
874 2127 921 2186 llli
949 2146 1021 2188 cnm

97 2217 170 2296 qnid
190 2222 331 2296 ageretur
345 2221 399 2276 aut
412 2236 506 2294 quare
524 2216 611 2277 fieret
634 2217 819 2296 ignorarent,
844 2221 936 2281 coacti
948 2229 1021 2282 sunt

98 2331 167 2372 curn
186 2311 229 2372 eis
245 2329 381 2391 pugnare
399 2311 437 2370 ad
450 2329 526 2388 quos
548 2311 739 2384 transierant,
762 2314 801 2373 ab
815 2313 923 2392 hisque
941 2319 1019 2374 stare

97 2425 170 2485 qnos
183 2405 380 2483 reliquerant.
401 2404 519 2473 Quibus
539 2422 610 2464 cum
625 2406 726 2465 neutri
740 2413 915 2484 parcerent,
940 2408 1019 2468 cele·

96 2502 168 2561 riter
183 2503 256 2561 sunt
273 2497 394 2559 concisi.
414 2498 556 2576 Reliquos
567 2498 683 2558 Pisidas
696 2500 869 2561 resistentes
878 2503 1017 2562 Datames
1030 2516 1047 2562 t

97 2592 234 2664 invadit;
256 2592 355 2670 primo
376 2592 493 2670 impetn
513 2593 619 2671 pellit,
645 2593 799 2673 fugientes
813 2596 1016 2674 persequitur,

98 2685 209 2745 multos
223 2683 378 2756 interficit,
390 2689 487 2745 eastra
500 2685 732 2766 hostiumcapit.
746 2687 809 2748 Tali
821 2688 944 2749 consilio
957 2709 1018 2749 uuo
1033 2702 1049 2753 3

98 2787 231 2858 tempore
252 2783 282 2838 et
297 2778 463 2857 proditores
477 2779 606 2858 perculit
621 2787 650 2841 et
664 2783 764 2843 hostes
784 2783 972 2862 profligavit,
989 2795 1021 2848 et

98 2874 176 2953 quod
190 2873 227 2932 ad
248 2870 414 2951 perniciem
431 2890 519 2931 suam
541 2874 640 2933 fuerat
658 2874 824 2953 cogitatum
839 2875 870 2934 id
888 2878 926 2937 ad
940 2879 1019 2940 salu·

98 2972 157 3027 tem
176 2966 335 3027 convertit.
360 2968 425 3037 Quo
448 2986 548 3046 neque
568 2967 687 3028 acutius
715 2968 808 3029 ullius
830 2970 1019 3050 imperatoris

100 3062 285 3140 cogitatum,
320 3079 419 3145 neque
455 3061 583 3122 celerius
626 3063 741 3122 factum
776 3083 905 3144 usquam
942 3067 1019 3148 legi-

103 3172 174 3217 nus.

137 3247 171 3306 ἵ.
187 3247 232 3306 Ab
246 3246 303 3305 hoc
314 3250 415 3321 tamen
430 3245 496 3306 viro
518 3247 657 3325 Sysinas,
675 3250 806 3310 maximo
825 3257 899 3312 natu
914 3254 1014 3327 filius,
1032 3279 1045 3327 1

97 3339 216 3411 desciit,
228 3341 266 3400 ad
277 3356 440 3420 regemque
454 3340 572 3401 transiit
586 3342 663 3403 etde
682 3343 848 3407 defectione
858 3350 951 3427 patris
964 3351 1018 3411 de-

99 3436 175 3495 tulit.
192 3436 258 3506 Quo
282 3435 389 3495 nuntio
404 3440 581 3496 Artaxerxes
605 3444 792 3512 commotus,
808 3442 889 3519 quod
905 3444 1018 3505 intelli-

99 3529 183 3605 gebat
196 3527 254 3588 sibi
267 3547 338 3588 cum
350 3518 414 3589 viro
427 3528 496 3589 forti
511 3548 546 3588 ae
566 3535 690 3591 strenuo
701 3532 858 3610 negotium
873 3554 948 3607 esse,
964 3538 1017 3615 qui

99 3638 162 3689 cum
179 3623 337 3715 cogitasset
360 3623 457 3696 faeere
477 3623 614 3696 auderet,
631 3629 661 3684 ct
675 3625 759 3705 prius
780 3628 909 3698 cogitare
924 3649 1017 3709 quam
