2430 4110
181 358 213 412 92
387 400 393 409 .
486 357 573 410 xxltt.
594 358 764 412 HANNIBAL.
785 361 811 410 l.
992 407 998 421 ,
1131 360 1137 369 “
1153 386 1158 414 a

145 465 396 546 qcarthagiuem
422 465 571 536 delatum,
600 465 722 544 publice
743 465 979 544 comprobatum
994 470 1054 528 est.
1078 465 1132 528 Sic

179 561 333 623 Hannibal
345 563 446 623 minor
460 561 597 640 quinque
609 567 640 622 et
654 562 765 640 viginti
776 561 867 623 annis
880 569 973 625 natus
995 561 1134 641 impera·

179 662 227 716 tor
251 655 361 727 lactus,
389 655 531 734 proximo
558 654 692 716 triennio
708 673 816 716 omnes
832 663 942 736 gentes
959 655 1133 735 Hispaniae

115 763 174 824 219
187 749 268 811 bello
283 749 406 830 subegit
419 770 426 823 ;
445 751 629 830 Saguntum,
644 751 833 812 foederatam
846 751 1013 824 civitatem,
1031 749 1063 811 vi
1074 769 1133 812 ex·
1160 752 1165 765 “

152 846 168 894 ὅ
186 845 354 925 pugnavit;
379 851 442 906 tres
463 844 615 907 exercitus
634 846 783 907 maximos
800 846 1003 926 comparavit.
1019 848 1066 906 Ex
1081 845 1133 907 lais

187 958 286 998 unum
302 939 334 999 in
345 939 479 999 Africam
492 938 586 1012 misit,
603 939 736 1000 alterum
749 958 820 1000 cum
832 940 1026 1000 Hasdrubale
1036 941 1134 1001 fratrc

187 1033 220 1093 in
237 1033 383 1112 Hispania
411 1033 546 1111 reliquit,
565 1033 694 1095 tertium
709 1033 741 1094 in
758 1033 880 1094 Italiam
903 1053 1009 1095 secum
1025 1034 1132 1095 duxit.
1171 1039 1174 1043 ’

190 1128 309 1188 Saltum
334 1131 531 1208 Pyrenaeum
558 1129 691 1191 transiit.
724 1133 925 1209 Quacumque
959 1130 1019 1191 iter
1044 1130 1133 1206 fecit,

190 1239 260 1281 cum
277 1221 423 1283 onanibus
449 1221 559 1284 incolis
580 1222 718 1283 conflixit
733 1243 740 1297 ;
755 1223 914 1284 neminem
936 1223 997 1284 uisi
1011 1223 1136 1285 victum

105 1341 108 1348 ·
159 1318 175 1366 t
193 1315 322 1377 dimisit.
340 1315 384 1374 Ad
407 1316 499 1395 Alpes
515 1323 715 1396 posteaquam
729 1318 824 1390 venit,
852 1335 932 1395 quae
947 1316 1071 1378 Italiam
1093 1318 1135 1380 ab

120 1385 179 1444 ²¹3
195 1411 293 1472 Gallia
309 1411 489 1490 sejungunt,
515 1430 591 1489 quas
618 1430 869 1489 nemoumquam
891 1430 963 1472 cum
992 1414 1135 1476 exercitu

191 1512 352 1566 antaeum
378 1510 500 1582 praeter
521 1505 689 1565 llercialem
714 1505 842 1583 Grajum
868 1504 1035 1566 transierat
1059 1509 1135 1587 (que

192 1603 271 1663 facto
286 1602 313 1662 is
334 1601 426 1662 hodic
440 1602 538 1662 saltus
550 1602 662 1679 Grajus
675 1602 873 1680 appellatur),
888 1602 1137 1679 Alpicosconan-

193 1704 240 1759 tes
255 1696 419 1775 prohibere
442 1696 574 1757 transitu
591 1694 747 1769 concidit;
764 1696 830 1756 loca
846 1695 1001 1774 patefecit,
1020 1696 1137 1759 itinera

193 1792 318 1867 muniit,
332 1791 431 1853 effecit
447 1798 481 1852 ut
502 1810 539 1853 ea
553 1791 738 1870 elephantus
750 1797 877 1853 ornatus
893 1793 938 1853 ire
951 1801 1059 1872 posset
1072 1812 1138 1873 qua

194 1892 285 1948 antea
298 1905 378 1946 unus
389 1886 482 1947 homo
493 1886 620 1947 inermis
632 1887 682 1947 vix
694 1892 815 1966 poterat
826 1901 946 1966 repere.
960 1889 1138 1970 Haceopias

194 1980 332 2042 traduxit
342 1980 375 2041 in
387 1971 569 2060 Italiamque
585 1982 738 2060 pervenit.

236 2074 273 2136 4.
289 2074 474 2136 Conflixerat
488 2077 571 2155 apud
584 2074 768 2136 Rhodanum
783 2094 854 2136 cum
868 2077 902 2139 P.
920 2076 1062 2138 Cornelio
1073 2077 1137 2138 Sci-

196 2168 286 2246 pione
311 2169 448 2241 consule,
477 2188 611 2248 eumque
637 2169 810 2248 pepulerat.
834 2171 911 2230 Cum
937 2170 996 2230 hoo
1022 2172 1139 2232 eodem

124 2245 333 2322 9¹8Clastidii
354 2262 436 2340 apud
456 2263 576 2322 Padum
602 2262 752 2335 deceruit,
777 2264 980 2340 sauciumque
1003 2263 1078 2325 inde
1101 2283 1139 2326 ac

161 2352 176 2402 2
195 2359 336 2437 fugatum
351 2356 491 2420 dimittit.
508 2358 611 2417 Tertio
624 2357 706 2416 idem
719 2358 818 2436 Scipio
831 2377 900 2418 curn
913 2358 1031 2438 collega
1043 2359 1139 2421 Tibe-

198 2451 243 2511 rio
258 2452 363 2530 Longo
378 2451 460 2530 apud
476 2451 620 2512 Trebiam
631 2449 780 2512 adversus
793 2469 864 2510 cum
882 2450 969 2511 venit
987 2469 993 2510 :
1014 2470 1085 2511 cum
1098 2452 1139 2513 iis

198 2567 326 2608 manum
341 2547 506 2619 conseruit,
523 2552 669 2626 utrosque
681 2547 866 2626 profligavit.
883 2546 960 2606 lndc
977 2566 1032 2625 per
1046 2548 1142 2627 Ligu-

168 2664 184 2714 5
202 2663 250 2703 res
258 2642 479 2721 Appenninum
492 2642 626 2710 transiit,
644 2648 753 2718 petens
766 2640 930 2702 Etruriam.
949 2642 1013 2700 Hoc
1027 2641 1142 2704 itinere

199 2738 276 2799 adeo
292 2735 378 2816 gravi
401 2734 508 2795 morbo
524 2734 657 2795 allicitur
679 2735 851 2806 oculorum,
877 2739 912 2794 ut
927 2739 1033 2812 postea
1045 2754 1142 2795 num-

201 2851 293 2911 quam
310 2831 417 2893 dextro
432 2849 530 2909 aeque
545 2831 625 2892 hene
638 2850 713 2891 usus
726 2831 777 2892 sit.
795 2832 860 2902 Oua
870 2829 1051 2891 valetudine
1068 2850 1143 2892 cum

202 2927 373 2988 etiamnum
392 2931 587 3005 premeretur
611 2925 783 3003 lecticaque
812 2925 957 2994 ferretur,
978 2925 1009 2984 C.
1027 2924 1145 2985 Flami·

131 3058 189 3116 9¹¹7
205 3020 291 3078 nium
306 3019 465 3079 consulem
491 3018 574 3096 apud
589 3017 808 3103 Trasimenum
825 3034 897 3076 cum
912 3016 1050 3077 exercitu
1069 3017 1145 3079 insi-

204 3113 263 3172 diis
278 3112 525 3172 circumventum
538 3112 660 3183 occidit,
676 3130 778 3189 neque
793 3110 892 3170 multo
907 3114 976 3188 post
988 3111 1019 3171 C.
1034 3111 1146 3175 Cente-

171 3222 188 3269 t
204 3205 291 3266 nium
303 3210 478 3284 praetorem
489 3223 559 3264 cum
574 3204 693 3264 delecta
708 3222 803 3264 manu
815 3204 913 3263 saltus
925 3209 1144 3281 occupantem.

203 3303 282 3363 llinc
297 3303 328 3363 iu
351 3301 495 3379 Apuliam
506 3300 659 3378 pervenit.
672 3300 720 3360 lbi
737 3299 860 3360 obviam
875 3297 903 3358 ei
915 3304 1070 3360 venerunt
1081 3298 1145 3360 duo

205 3396 359 3469 consules,
376 3397 409 3457 C.
422 3395 586 3456 Terentius
601 3400 633 3455 et
648 3397 684 3455 L.
700 3394 862 3455 Aemilius.
878 3393 1049 3471 Utriusque
1062 3392 1192 3455 exeret·

172 3491 255 3552 5tus
271 3508 332 3551 uno
360 3488 474 3569 proelio
500 3490 629 3569 legavit,
657 3490 790 3549 Paulum
813 3486 974 3547 consulem
990 3486 1104 3548 occidit
1119 3492 1145 3548 c‘

134 3599 193 3657 21ss
206 3589 322 3666 aliquot
344 3590 504 3665 practerea
517 3586 708 3657 consulam,
724 3585 755 3644 in
771 3584 821 3643 his
838 3584 894 3643 Cn.
911 3581 1078 3642 Servilium
1091 3584 1134 3643 Ge

162 3748 165 3753 ,
206 3689 340 3756 minum,
360 3680 413 3760 qui
425 3680 584 3759 superiore
599 3699 681 3741 anno
696 3681 798 3741 fuessat
808 3676 929 3739 consul.

163 2035 175 2084 l
