2430 4110
215 342 247 392 aa
355 320 436 396 'xxtt
458 347 628 400 lllllllssalt.
650 351 673 400 l.
693 348 778 399 xltll.
801 347 969 398 tuirstatt.
988 345 1010 395 l.

188 500 192 505 ,
216 446 296 506 niam
314 447 497 521 mitteretur,
514 469 608 528 eoque
620 470 723 512 secum
735 451 820 510 duxit
833 445 1138 510 liliumllannihatlem
1148 452 1207 502 ι

188 547 370 600 tannecum
397 563 518 604 novena.
544 547 613 604 Erat
635 549 789 623 praeterea
813 562 884 603 eum
909 562 945 603 eo
970 540 1136 603 adolescens
1173 547 1207 591 ἓ

216 632 361 705 illustris,
377 635 557 695 Hasdrubal.
580 637 656 695 Huic
669 635 717 695 ille
732 634 826 693 filiam
841 653 927 694 suam
944 634 974 692 in
988 633 1138 693 matrimo-
1176 655 1207 670 ⁶

187 727 303 786 onium
318 727 411 787 dedit.
429 730 470 788 lle
486 731 541 789 boe
558 729 624 790 ideo
635 729 822 788 mentionem
838 727 975 799 lecimus
992 727 1075 804 quod
1086 729 1207 786 Ha*

145 819 204 876 2⁶28
218 818 340 878 milcatre
367 819 463 880 occiso
483 821 532 880 ille
553 821 698 880 exercitui
724 820 865 898 praefuit,
893 838 1001 898 resque
1018 838 1142 898 magnas
1167 829 1207 867 a·

218 911 309 988 gessit
327 915 356 969 et
379 911 517 989 princeps
529 913 686 990 largitione
712 916 846 972 vetustos
869 911 1017 989 pervertit
1046 929 1143 972 mores

146 1001 206 1058 220
218 1002 524 1080 Carthaginiensium,
542 1005 739 1083 ejusdemque
754 1008 819 1080 post
840 1009 970 1064 mortem
991 1003 1143 1063 Hannibal

217 1097 255 1155 ab
270 1096 405 1156 exercitu
421 1097 533 1176 accepit
550 1097 723 1177 imperium.

191 1203 202 1246 t
260 1193 299 1248 4.
318 1191 355 1249 At
373 1192 524 1251 Hamilcar
537 1197 728 1270 posteaquam
744 1210 826 1251 marc
845 1189 963 1250 transiit
983 1190 1015 1249 in
1038 1191 1144 1269 Hispa·

219 1283 362 1360 niamque
386 1285 484 1355 venia
511 1304 636 1363 miignas
661 1305 707 1345 res
732 1283 865 1345 secunda
880 1284 978 1361 gessit
1002 1284 1142 1344 tertona:

219 1375 366 1436 maximas
382 1376 683 1454 bellicosissimasque
704 1380 809 1455 gentes
820 1374 954 1452 subegil3
978 1375 1078 1452 cquis,
1100 1394 1144 1434 ar·

190 1476 205 1522 2
221 1468 288 1535 mie,
306 1469 530 1545 ri1·iS,pccunia
546 1474 636 1528 tetam
648 1469 838 1546 locupletavit
851 1467 994 1527 Africam.
1009 1468 1144 1528 Hieeum

218 1565 249 1623 in
265 1566 382 1624 ltaliam
399 1566 512 1625 bellum
527 1566 635 1625 inferre
650 1567 858 1637 meditaretur,
877 1585 955 1625 nono
968 1585 1052 1626 atrito
1068 1572 1144 1644 post-

217 1677 308 1735 quam
325 1659 355 1717 in
373 1659 546 1737 Hispaniam
562 1665 696 1729 venerat,
714 1659 742 1717 in
757 1658 868 1736 proelio
881 1677 1022 1736 pugnans
1036 1661 1145 1719 adrer-

189 1760 204 1804 5
220 1771 271 1810 sus
283 1754 426 1812 Vettones
438 1752 552 1811 occisus
567 1758 622 1811 cst.
646 1753 744 1830 llujus
758 1757 936 1829 perpetuum
952 1751 1059 1811 odium
1074 1772 1146 1830 erga

220 1849 368 1905 ltomanos
384 1845 512 1904 nnixime
530 1846 693 1905 comitasse
709 1846 829 1904 videtur
846 1845 1015 1905 secundum
1028 1845 1145 1907 belluni

219 1937 384 1997 Poenicum
403 1955 409 1995 :
427 1956 556 2014 namque
572 1937 737 2007 Haunilal,
755 1938 835 1996 filius
855 1938 931 2014 ejus,
949 1938 1079 1997 assiduis
1094 1959 1146 2016 pa-

219 2031 273 2088 teis
295 2029 545 2087 olitestationilnrs
561 2048 595 2087 eo
608 2034 650 2087 est
667 2031 842 2105 perelectam,
861 2036 894 2090 ut
915 2030 1038 2090 interire
1051 2052 1147 2110 quma

221 2126 370 2182 llomauos
386 2142 445 2181 non
461 2123 589 2202 experiri
605 2124 718 2183 mallet.

523 2343 623 2397 XXIII.
644 2345 831 2402 HANNIBAL.

192 2572 204 2616 1
262 2565 295 2622 Ι.
315 2567 476 2638 litaniam,
506 2569 682 2629 Hamilcaris
699 2569 798 2640 filius,
826 2570 1093 2649 Cartlniginiensis.
1115 2576 1147 2636 si

216 2676 323 2714 venun
348 2663 411 2725 est,
428 2660 506 2736 quod
524 2679 613 2720 necno
638 2661 768 2733 dubitat,
794 2668 825 2721 ut
844 2664 972 2741 populus
989 2667 1148 2728 Rornanits

216 2767 322 2808 omnes
343 2757 447 2817 centes
470 2752 582 2813 virtute
609 2756 769 2831 superarit,
796 2762 920 2816 nonest
947 2756 1146 2821 infitiandum

214 2842 416 2902 llainiilntlem
439 2849 521 2905 latito
536 2847 716 2923 praestitisse
732 2852 845 2907 ceteros
860 2847 1055 2925 imperatores
1068 2872 1145 2930 pru·

217 2934 330 3004 clentia,
345 2943 458 3013 quanto
473 2940 601 3015 prepulus
618 2943 771 3000 llomauus
792 2942 946 3000 auleecclal
963 2941 1147 3008 fertitudine

189 3035 204 3078 ί)
218 3031 341 3084 cunctas
357 3029 503 3087 nationes.
519 3032 592 3089 Nam
605 3032 854 3110 quotiescumque
867 3053 936 3092 cum
952 3053 987 3094 co
1002 3054 1146 3115 congre:-

218 3126 318 3178 susest
328 3122 356 3178 in
371 3123 465 3193 ltalia,
479 3127 736 3202 sempcecliseessit
746 3129 1049 3205 siqn=1·ior.0uoduisi
1059 3135 1143 3211 denti

217 3211 330 3271 civium
345 3233 470 3275 snorum
487 3217 599 3278 invidia
610 3219 785 3279 debilitatus
795 3228 883 3291 esset,
900 3225 1048 3285 llomanos
1060 3228 1142 3288 vide·

219 3309 270 3362 tue
284 3325 425 3383 superare
438 3311 579 3386 potuisse.
594 3312 651 3372 Sed
663 3313 830 3372 riiultornm
842 3316 1018 3377 obtrectatio
1030 3319 1145 3383 devicit

188 3398 311 3458 5enius
326 3398 482 3460 virtutem.
504 3403 558 3462 llic
581 3409 683 3461 autem
707 3404 790 3462 velut
811 3405 975 3466 licrcclitate
1000 3410 1143 3473 relictum

218 3490 321 3548 odium
348 3498 507 3568 paternum
534 3514 601 3568 erga
631 3497 779 3555 ltonaanos
797 3497 839 3556 sic
867 3503 1081 3576 corservarit,
1108 3514 1142 3566 et

216 3582 303 3657 prius
326 3583 460 3644 aninam
485 3605 576 3663 quam
602 3586 631 3646 id
649 3587 821 3665 deposuerit
840 3608 846 3648 :
862 3590 912 3668 qui
928 3591 1052 3669 quidem
1070 3615 1141 3658 cuin
