2430 4110
388 381 442 433 ru.
462 365 661 434 ineidnuns.
680 383 704 432 a.
979 381 1010 431 aa

79 467 134 527 stis
150 466 182 526 in
198 467 299 528 Sicilia
313 470 415 542 rebec,
433 491 504 551 opes
512 492 678 543 senescere,
694 477 798 532 eontra
809 473 1010 533 Lacedaemo·

79 559 203 621 niorum
218 580 352 625 erescere
366 565 494 638 videret,
511 567 597 627 initio
615 587 685 627 cum
699 566 846 645 Pisandro
858 570 1008 644 praetore,

78 654 132 732 qui
151 655 234 734 apud
248 658 373 718 Samum
386 660 552 720 exereitum
570 661 715 732 habebat,
733 679 787 738 per
806 657 1013 721 internuntios

78 741 273 826 colloquitur,
287 756 317 810 et.
329 752 366 811 de
378 752 478 812 reditu
490 772 545 812 suo
553 753 621 812 facit
632 751 829 812 mentionem.
844 754 913 811 Erat
927 749 1009 810 enim

77 841 186 902 eodem
197 861 257 920 quo
272 843 441 903 Alcibiades
456 863 558 916 sensu,
575 844 678 924 populi
693 845 844 924 potentiae
858 863 919 905 non
930 842 1007 902 ami·

77 953 131 995 eus
153 940 184 995 et
207 935 400 1014 optimatium
422 939 532 997 fautor.
551 938 595 997 Ab
610 939 667 997 hoc
688 938 851 1021 destitutus
872 923 1038 1017 primumel

76 1046 132 1105 per
148 1027 389 1106 Thrasyhr'rlum,
406 1029 478 1108 Lyci
498 1029 614 1101 filium,
629 1030 668 1089 ab
686 1031 820 1090 exercitu
840 1029 1003 1109 recipitur,
1017 1011 1074 1100 ‘fil

77 1125 258 1197 praetorque
279 1119 315 1179 tit
333 1121 414 1199 apud
428 1123 571 1194 Samum;
588 1128 654 1200 post
668 1169 675 1194 ,
691 1123 876 1202 suffragante
895 1123 1006 1184 Thera-

78 1218 181 1284 mene,
197 1213 386 1292 populiscito
407 1214 589 1286 restituitur,
602 1215 726 1293 parique
747 1208 855 1276 absens
881 1214 1006 1293 imperio

78 1305 254 1382 praeficitur
275 1305 366 1365 simul
388 1325 458 1365 oum
481 1308 670 1387 Thrasybulo
684 1314 713 1368 et
729 1310 926 1369 Theramene.
944 1305 1032 1366 tto-5

78 1416 148 1458 rum
162 1399 195 1458 in
220 1398 346 1477 imperio
369 1403 453 1459 tanta
478 1401 675 1462 commutatio
688 1420 792 1462 rerum
807 1404 886 1462 facta
899 1405 954 1472 est,
971 1405 1006 1460 ut

77 1491 319 1564 lacedaemonii,
333 1492 385 1570 qui
400 1493 489 1571 paulo
510 1498 579 1553 ante
593 1493 722 1554 victores
744 1494 922 1572 viguerant,
940 1510 1006 1572 per-

79 1585 175 1643 territi
185 1603 289 1663 pacem
301 1587 530 1663 peterent.Vieti
542 1587 624 1647 enim
636 1593 720 1648 erant
735 1589 870 1667 quinque
885 1586 1005 1666 proeliis

76 1677 283 1750 terrestribus,
296 1679 564 1740 tribusnavalibus
575 1699 581 1752 ;
593 1680 624 1740 in
639 1681 750 1759 quibus
761 1682 1005 1741 ducentasnaves

77 1772 217 1832 triremes
237 1772 419 1845 amiserant,
445 1793 522 1852 quae
536 1781 639 1854 captae
661 1775 691 1833 in
710 1775 844 1835 hostium
858 1779 1004 1834 venerant

75 1871 266 1944 potestatem.
293 1865 462 1927 Alcibiades
490 1867 581 1927 simul
610 1887 680 1928 oum
709 1868 830 1946 collegis
850 1872 1033 1945 receperatt'·

75 1960 205 2035 lonium,
219 1960 460 2038 Hellespontum,
471 1962 583 2021 multas
594 1968 750 2040 praeterea
760 1962 851 2021 urbes
863 1963 1001 2029 Graecas,

74 2073 152 2131 quam
179 2053 211 2112 in
238 2073 290 2113 ora
314 2055 388 2113 sitae
425 2061 496 2113 sont
521 2055 625 2121 Asiae;
642 2074 771 2134 qrutrnm
796 2059 1004 2133 expugnarant

74 2149 258 2227 complures,
272 2147 302 2205 in
318 2148 365 2208 his
380 2150 570 2227 Byzantium,
586 2150 796 2227 nequemiuus
810 2148 921 2207 multas
933 2166 1003 2207 eon-

73 2241 141 2301 sitio
154 2241 193 2300 ad
204 2241 368 2300 amicitiam
383 2240 603 2320 adjunxerant,
617 2241 698 2319 quod
716 2242 859 2319 inceptos
873 2241 1002 2301 clemen-

73 2337 115 2396 tia
127 2337 249 2394 fuerant
269 2335 326 2395 usi.
344 2336 390 2394 lta
403 2336 513 2413 praeda
524 2336 635 2410 onusti,
658 2335 839 2414 locupletato
853 2333 997 2406 exercitu,
1013 2344 1027 2389 't

72 2429 215 2490 nnrximis
225 2428 316 2488 rebus
323 2428 414 2506 gestis
428 2429 560 2487 Athenas
571 2433 732 2488 venerunt.
1008 2428 1068 2488 tta

114 2525 156 2582 6.
181 2522 235 2582 llis
256 2540 327 2580 cum
348 2520 469 2581 obviam
491 2521 633 2581 universa
656 2521 761 2581 civitas
783 2521 813 2579 in
856 2522 997 2581 Piraeum
1015 2527 1026 2571 ¹

61 2615 295 2686 descendisset,
322 2608 406 2673 tanta
437 2613 494 2673 fuit
517 2614 654 2674 omnium
679 2613 859 2692 exspectatio
882 2613 1007 2674 visendi-

71 2707 253 2779 AlcibiadiS,
283 2713 317 2766 ut
345 2707 382 2768 ad
421 2707 486 2786 ejus
511 2708 666 2767 triremem
681 2708 792 2784 vulgus
822 2707 997 2784 contineret,

73 2800 199 2880 proinde
222 2817 256 2858 ac
280 2799 304 2858 si
330 2799 410 2858 selus
430 2799 611 2860 advenisset.
635 2800 683 2860 Sic
697 2799 779 2859 enim
805 2800 915 2877 populo
933 2806 1026 2860 erata

71 2887 264 2974 persuasum,
281 2899 308 2951 et
325 2893 465 2952 adversas
479 2885 648 2970 superiores
663 2899 693 2952 et
708 2897 879 2970 praesentes
889 2911 998 2951 secun·

71 2990 126 3050 das
135 3007 184 3048 res
198 2985 340 3046 accidisse
355 2987 420 3064 ejus
435 3005 535 3065 opera.
554 2988 659 3065 ltaque
673 2991 701 3045 et
717 2984 846 3046 Siciliam
853 2984 998 3046 amissam

71 3089 101 3144 et
115 3079 424 3142 Lacedaemoniorum
435 3080 574 3140 victorias
592 3081 697 3158 culpae
713 3097 785 3138 suae
802 3078 995 3153 tribuebant,

71 3173 152 3252 qued
165 3172 255 3233 talem
271 3173 401 3232 virume
414 3171 534 3231 civitate
549 3172 744 3251 expulissent.
768 3173 872 3249 Neque
887 3172 917 3231 id
932 3173 996 3234 sine

71 3286 160 3328 causa
184 3265 322 3325 arbitrari
350 3265 533 3325 videbantur
550 3283 557 3325 :
576 3284 648 3325 nam
672 3270 830 3343 postquam
852 3266 995 3328 exercitui

72 3377 208 3440 praeesse
219 3364 368 3437 coeperat,
386 3377 485 3436 neque
500 3364 580 3418 terra
594 3377 693 3436 neque
708 3357 782 3417 mari
799 3359 899 3419 hostes
909 3379 996 3440 pares

72 3473 136 3515 esse
150 3458 323 3533 potuerant.
340 3451 396 3512 llic
410 3456 445 3511 ut
466 3452 566 3513 enavi
586 3471 723 3530 egressus
737 3457 793 3524 est,
809 3469 1023 3532 quamquama
1115 3490 1117 3495 ·

74 3547 275 3608 Theramenes
296 3550 326 3605 et
338 3545 545 3623 Thrasybr'rlus
560 3526 672 3604 eisdem
687 3545 779 3604 rebus
790 3547 994 3624 praefuerant,

74 3638 223 3720 simulque
244 3636 439 3698 venerantia
481 3637 642 3711 Piraeum,
667 3641 766 3696 tamen
792 3657 885 3697 arrum
909 3640 995 3700 illum
