2430 4110
211 372 243 420 5·ss
524 367 586 415 xit,
607 366 764 417 narinus
780 367 819 416 ll.

213 486 311 547 neque
324 466 357 526 in
375 471 570 546 conspectum
584 467 688 527 venire
703 467 832 527 studuit.
850 465 900 527 Sic
912 466 1021 527 absens
1035 467 1144 526 amici·

212 562 286 622 tiam
300 560 435 639 gerebat,
460 565 495 619 ut
517 577 577 618 non
594 558 751 618 beneficiis
765 557 894 629 mutuis,
917 558 969 618 sed
985 558 1145 619 communi

212 655 301 725 odio,
321 653 402 731 quod
423 671 495 731 erga
518 670 622 730 regem
640 655 856 731 susceperant,
884 651 1033 713 contineri
1060 653 1146 713 vide·

212 752 331 808 rentur.

184 847 197 892 r
256 842 316 898 ΙΙ.
335 839 369 899 ld
381 858 452 898 cum
461 838 532 898 satis
540 856 572 898 se
583 835 777 896 confirmasse
789 836 954 896 arbitratus
964 840 1021 908 est,
1037 839 1146 899 certio·

212 956 278 996 rem
289 936 360 996 facit
374 937 522 995 Datamen
533 939 654 1012 tempus
665 951 729 993 esse
744 933 873 1011 majores
882 933 1032 993 exercitus
1043 937 1145 1012 parari

211 1036 242 1091 et
254 1031 372 1090 bellum
385 1048 456 1089 oum
471 1030 534 1108 ipso
545 1046 616 1106 rege
627 1025 750 1104 suscipi,
764 1026 862 1103 deque
875 1044 910 1085 ea
921 1044 966 1097 re,
979 1025 1004 1085 si
1016 1027 1044 1086 ei
1056 1027 1145 1088 vide-

210 1130 307 1195 retur,
320 1142 381 1202 quo
392 1124 456 1183 loro
471 1123 562 1182 vellet
573 1121 605 1179 in
617 1119 803 1197 colloquium
817 1118 946 1178 veniret.
966 1119 1100 1178 Probata
1111 1139 1145 1181 re

211 1216 399 1294 colloquendi
414 1222 536 1294 tempus
546 1213 689 1284 sumitur,
713 1214 859 1290 locusque
881 1230 943 1290 quo
964 1214 1146 1274 convenire·

182 1313 273 1368 atur.
297 1310 364 1368 Huc
387 1307 578 1369 Mithridates
603 1325 674 1366 eum
697 1325 757 1365 uno
782 1305 831 1364 cui
858 1303 990 1364 maxime
1010 1306 1145 1367 habebat

211 1404 304 1464 fidem
319 1408 389 1463 ante
404 1404 519 1480 aliquot
533 1402 597 1462 dies
612 1401 707 1472 venit,
723 1400 994 1479 compluribusque
1009 1401 1084 1461 locis
1094 1421 1144 1462 se·

211 1496 341 1572 paratim
368 1495 484 1572 gladios
504 1493 623 1565 obruit,
650 1511 745 1570 eaque
770 1493 833 1552 loca
858 1491 1020 1569 diligenter
1043 1499 1140 1552 notat.

211 1589 282 1664 lpso
303 1573 573 1664 autem-‘colloquii
595 1585 643 1644 die
664 1585 785 1662 utrique
806 1585 906 1644 locum
927 1585 979 1662 qui
1006 1588 1144 1664 explora-

210 1686 278 1738 rent
292 1685 383 1757 atque
393 1679 470 1756 ipsos
481 1682 691 1738 scrutarentur
701 1678 829 1735 mittunt
844 1694 851 1747 ;
869 1675 980 1736 deinde
994 1677 1052 1754 ipsi
1069 1685 1144 1739 sunt

183 1773 373 1849 acongressi.
389 1772 444 1831 Hic
457 1791 528 1831 cum
549 1771 736 1849 aliquamdiu
754 1770 785 1828 iu
796 1770 945 1847 colloquio
959 1772 1092 1833 fuissent
1113 1780 1143 1834 et

211 1864 328 1923 diverse
348 1865 565 1936 discessissent,
579 1866 703 1944 jamque
717 1865 824 1944 procul
845 1865 985 1924 Datames
1009 1866 1141 1938 abesset,

211 1957 418 2027 Mithridates,
436 1959 615 2036 priusquam
632 1959 671 2017 ad
693 1977 763 2017 suos
777 1958 966 2036 perveniret,
987 1977 1026 2020 ne
1048 1980 1142 2038 quam

210 2049 413 2125 suspicionem
425 2057 554 2128 pareret,
568 2052 600 2109 iu
614 2051 747 2111 eundern
757 2051 859 2110 locum
873 2051 1040 2111 revertitur
1050 2060 1144 2133 atque

211 2140 250 2198 ibi
268 2141 320 2199 ubi
344 2143 439 2201 telum
456 2149 519 2202 erat
534 2144 710 2221 impositum
725 2143 846 2216 resedit,
860 2149 894 2204 ut
913 2144 938 2202 si
959 2144 1143 2209 lassitudine

211 2240 335 2309 cuperet
346 2236 547 2312 acquiescere,
560 2239 768 2314 Datamenque
779 2236 932 2297 revocavit
946 2237 1100 2302 simulans
1111 2261 1142 2302 se

185 2341 197 2383 r
212 2325 356 2401 quiddam
371 2327 402 2385 in
413 2328 561 2405 colloquio
575 2347 639 2387 esse
651 2329 791 2388 oblitum.
803 2320 930 2388 Interim
945 2330 1044 2391 telum
1059 2336 1142 2411 quod

212 2418 324 2477 latebat
359 2421 495 2497 protulit,
527 2420 739 2498 nudatumque
761 2423 870 2500 vagina
895 2428 979 2483 veste
1005 2427 1081 2487 texit
1108 2447 1143 2489 ac

212 2511 329 2569 Datami
351 2512 485 2570 venienti
507 2513 573 2572 ait:
594 2512 814 2590 digredientem
836 2533 867 2573 se
886 2515 1142 2582 animadvertisse

211 2603 311 2661 locum
333 2605 506 2680 quendam,
526 2604 578 2680 qui
594 2608 658 2664 erat
671 2605 704 2664 in
724 2610 898 2682 conspectu,
920 2607 959 2666 ad
973 2617 1073 2672 casim
1087 2633 1142 2693 po·

183 2723 198 2767 5
212 2694 312 2752 nenda
326 2713 390 2754 esse
402 2696 556 2755 idoneum.
571 2695 668 2764 Quem
682 2714 751 2754 cum
767 2697 861 2773 digito
875 2698 1101 2765 demonstraret.
1111 2714 1142 2768 et

211 2784 261 2844 ille
272 2786 446 2863 respiceret,
462 2805 604 2846 aversum
615 2788 695 2846 ferro
705 2788 867 2860 transfixit,
880 2790 1027 2869 priusque
1046 2815 1140 2874 quam

131 2878 371 2972 3502quisquam
386 2885 485 2956 posset
499 2877 852 2956 succurrere,interfecit.
873 2883 919 2940 lta
940 2883 991 2945 ille
1006 2888 1070 2961 vir,
1086 2893 1140 2969 qui

212 2971 323 3029 multos
335 2972 458 3031 consilio
473 2973 626 3032 neminem
638 2973 905 3053 perfidiaceperat,
918 2978 1063 3044 simulata
1073 3005 1141 3068 cap

210 3062 469 3124 tusestarnicitia.
