2430 4110
395 309 483 360 xxm.
502 308 672 360 nssnllllt„
692 305 715 354 9.
735 303 759 353 5.
1006 296 1034 346 ul

107 409 204 488 patria
219 411 326 488 pulsus
341 415 417 470 esset
430 415 457 469 el
475 409 644 467 alienarum
660 422 752 482 opum
770 400 929 478 indigeret,
946 415 1039 456 num·

105 525 199 583 qnam
215 506 363 566 destiterit
379 505 481 565 animo
496 505 609 565 bellare
625 521 694 562 cnm
711 496 864 559 Romanis.

150 601 189 656 2.
208 600 283 657 Nam
294 603 327 658 ut
340 597 477 658 omittam
490 598 678 676 Philippum,
692 611 781 670 quem
795 591 903 650 absens
916 589 1033 648 hostem
1052 591 1064 637 1

107 690 238 750 reddidit
259 690 413 761 Romanis,
437 690 575 750 omnium
597 690 643 747 his
662 683 851 762 temporibus
867 681 1038 760 potentissi-

106 801 177 841 mus
196 801 248 841 rex
263 781 430 841 Antideltus
453 781 521 840 fuit.
546 784 636 841 Hune
654 784 737 838 lanta
752 775 916 854 eupiditate
932 774 1037 834 incen-

107 874 150 933 dit
175 873 321 943 bellandi,
338 877 375 933 ut
394 892 488 950 usque
508 892 525 931 a
548 873 640 931 rubro
662 870 737 929 niani
754 887 836 928 annu
852 872 977 926 conatus
999 867 1035 926 sit

107 965 220 1025 inferre
235 965 350 1025 ltaliae,
367 965 410 1025 Ad
426 983 518 1044 quem
534 983 603 1023 enm
619 962 707 1039 legati
725 961 875 1021 venissent
894 959 1032 1031 Romani,
1049 965 1064 1011 2

107 1058 160 1136 qui
177 1058 215 1117 de
233 1059 299 1136 ejus
313 1059 470 1119 voluntate
488 1058 690 1137 explorarent,
714 1056 881 1132 darentque
895 1073 1036 1133 operam,

107 1149 240 1210 consiliis
252 1150 446 1211 clandestinis
455 1157 487 1211 ut
502 1151 702 1210 Hunnilutlem
716 1149 745 1207 in
762 1148 962 1225 suspicionem
974 1147 1037 1226 regi

107 1241 292 1301 adducerent
308 1288 315 1313 ‚
329 1247 483 1322 tamquam
503 1244 541 1302 ab
557 1241 629 1321 ipsis
651 1245 847 1319 corruptam,
875 1240 932 1298 alia
947 1245 1037 1316 atque
1122 1296 1125 1303 ,

107 1338 198 1394 antea
209 1334 332 1406 sentire,
343 1355 442 1414 neque
454 1335 484 1394 id
496 1337 606 1395 frustra
620 1335 771 1404 fecissent,
785 1334 875 1411 idqno
885 1330 1037 1391 Hannibal

108 1427 316 1506 comperisset,
330 1429 467 1506 sequeah
479 1429 673 1489 interioribus
685 1426 817 1487 consiliis
833 1424 982 1503 segregari
995 1423 1037 1482 vi-

107 1518 198 1579 disset
211 1523 364 1598 ‚tempore
383 1520 452 1580 dato
466 1520 538 1581 adiit
564 1519 601 1580 ad
614 1539 731 1599 regem,
747 1519 835 1598 eique
859 1536 928 1578 eum
941 1516 1038 1575 multa

106 1612 143 1671 de
159 1610 220 1671 fide
244 1631 298 1671 sna
314 1617 343 1672 et
368 1612 437 1672 odio
459 1613 488 1671 in
505 1615 655 1672 Romanos
676 1614 955 1678 commemorasset,
979 1610 1035 1669 hoo

106 1702 257 1781 adjunxit.
280 1706 368 1764 Peter
381 1723 479 1779 meris,
500 1705 617 1782 inquit,
634 1704 803 1778 Hamilcar,
823 1703 950 1782 puerulo
970 1720 1063 1777 me,3

105 1801 202 1875 utpote
230 1814 288 1857 uon
312 1797 442 1876 amptius
464 1816 566 1857 uorem
589 1815 682 1857 orarios
700 1803 786 1871 uoto,
800 1796 831 1855 r'o
857 1797 1036 1874 llispom'um

107 1889 270 1968 imperator
284 1889 475 1967 proficisceris
491 1888 674 1968 Cortlrupirre,
691 1890 761 1949 Joni
776 1889 884 1968 optimo
899 1889 1035 1948 nzooeimo

105 1978 216 2040 hostius
231 1982 403 2042 iutnzolumt.
425 1984 507 2056 Orroe
527 1981 629 2042 diuino
648 2000 696 2043 res
720 1981 793 2040 dum
809 1979 1029 2057 conficiebatur,
1048 1989 1063 2034 t

108 2074 256 2152 quaesivit
276 2092 354 2134 ome
384 2074 524 2136 vellemne
547 2093 646 2135 seeum
665 2076 695 2133 iu
710 2081 806 2134 castro
819 2074 980 2153 proficisci.
998 2074 1036 2134 Id

106 2183 175 2224 crim
189 2163 310 2226 liberter
320 2167 505 2246 decepissem,
522 2173 608 2246 etque
628 2163 664 2226 ab
678 2185 709 2226 eo
721 2172 817 2245 petere
832 2167 987 2246 coepissem
1000 2186 1035 2227 ne

104 2254 250 2317 dubitaret
268 2255 383 2333 diruere,
407 2265 469 2318 tum
493 2259 542 2319 ille
569 2261 596 2318 F
601 2259 736 2333 ocium,
761 2258 873 2339 inquit,
889 2259 923 2318 si
946 2259 1035 2319 milri

103 2347 208 2426 fidem
228 2367 340 2429 quam
362 2350 513 2429 postulo
537 2349 693 2411 dederis.
714 2351 813 2410 Simul
836 2350 1034 2411 meoderum

104 2440 250 2516 mleluaeit,
266 2441 347 2520 aprrd
369 2461 459 2522 parom
483 2442 653 2519 sacrificare
680 2443 865 2516 institueret,
889 2461 1029 2524 eousque,

104 2536 208 2596 ceteris
229 2537 357 2609 remotis,
374 2542 512 2596 terrentem
519 2536 630 2612 jurore
636 2536 730 2613 jussit
751 2554 914 2616 relinquam
939 2555 985 2598 me
1000 2539 1030 2597 in

104 2629 237 2688 amicitie
250 2647 317 2689 urm
336 2630 476 2688 Romanis
499 2626 573 2707 fore.
591 2627 628 2688 ld
652 2647 702 2709 epo
709 2629 928 2707 jusjurandum
947 2634 1059 2712 patris

104 2718 207 2780 dotum
223 2721 365 2802 usquead
379 2720 453 2782 hone
468 2729 590 2782 aetutem
609 2723 650 2781 ito
664 2724 847 2796 conservavi,
865 2729 896 2781 ut
920 2726 1032 2783 uerrunt

104 2811 229 2873 dubium
249 2833 310 2874 esse
323 2813 422 2875 debent
443 2816 515 2895 qm'u
537 2815 652 2895 reliquo
669 2821 796 2894 tempore
816 2814 916 2874 eodem
936 2824 1029 2879 arente

103 2907 161 2966 sem
173 2903 306 2984 ferturus.
323 2910 431 2982 Quare,
448 2908 475 2967 si
488 2907 560 2988 quid
571 2907 665 2967 amice
674 2906 709 2967 de
723 2908 862 2967 Romanis
878 2907 1026 2987 eopitobts,
1044 2910 1059 2956 6

103 3017 162 3059 uon
177 2998 378 3079 imprudenter
388 2997 496 3077 feceris
509 3000 538 3059 si
555 3017 601 3058 me
614 2998 720 3060 eoloris
734 3021 743 3059 :
758 3018 825 3062 uem
839 3001 955 3081 quidem
971 3001 1029 3064 bel-

105 3090 168 3151 lum
176 3089 312 3172 parebis,
328 3098 354 3153 te
370 3092 466 3172 ipsum
482 3089 673 3170 frustraberis
688 3094 716 3154 si
724 3113 782 3154 nou
798 3112 844 3154 rue
860 3097 889 3155 ia
904 3116 936 3157 eo
946 3101 1031 3177 priu-

102 3184 197 3264 etpem
206 3186 355 3264 posueris.

142 3277 183 3337 8.
198 3278 261 3338 Hoc
271 3296 354 3356 ergo,
374 3298 434 3357 quo
449 3279 591 3352 diximus
602 3287 697 3342 aetate
707 3301 776 3342 eum
788 3288 871 3361 patre
885 3283 914 3342 in
924 3285 1029 3364 Hispa·
1044 3298 1056 3344 1

101 3371 183 3431 niam
196 3371 349 3450 profectus
363 3377 418 3432 est.
435 3374 528 3452 Cujus
541 3381 606 3452 post
624 3376 955 3448 obia1m‚flas‹]1·ul:sle
972 3380 1027 3439 irn-
1041 3378 1114 3442 ‘236'

102 3470 239 3546 peratore
254 3463 397 3537 suffecto,
414 3467 561 3544 equitatui
573 3469 655 3530 omni
670 3471 811 3548 praefuit.
828 3474 891 3532 Hoc
906 3468 1026 3553 qnoque
1040 3486 1100 3543 227

103 3559 262 3623 interfecto
273 3557 423 3621 exercilus
434 3578 586 3622 summam
599 3561 716 3643 imperii
729 3563 765 3626 od
777 3581 848 3624 eum
858 3564 977 3626 detulit.
993 3568 1026 3627 ld
1039 3580 1101 3642 990
