2430 4110
156 367 157 372 Ν
216 328 248 404 aa
506 351 618 402 uxxu.
636 349 810 402 subrecta.
830 351 854 400 r.

216 449 386 530 Antigenus
399 455 430 511 et
444 449 537 530 hujus
561 450 643 511 tilius
658 450 845 523 Demetrius,
862 450 1073 531 Lysimachus
1091 451 1145 513 Se-

190 543 340 616 eleucus,
356 544 559 604 Ptolemaeus.
578 542 680 604 Exhis
693 542 864 622 Antigbnus
878 543 909 604 in
927 545 1053 626 proelio,
1070 561 1145 606 cum

215 635 360 699 adversus
381 638 543 698 Seleucum
559 641 589 696 ct
602 635 819 716 Lysimachum
833 635 1002 715 dimicaret,
1024 637 1145 699 occisus

215 735 271 790 est.
298 730 368 790 Pari
398 732 459 792 leto
483 729 609 792 affectus
633 735 679 791 est
707 729 905 811 Lysimachus
928 730 966 792 ab
991 732 1142 794 Seleuco:

214 843 346 906 namque
360 826 501 887 societate
523 825 668 886 dissoluta
682 824 800 886 bellum
815 825 895 885 inter
915 844 947 886 se
968 831 1142 905 gesseruut.

191 918 204 972 i
216 923 255 981 ht
265 919 436 982 Demetrius
447 939 518 981 cum
529 919 624 979 filiurn
636 937 723 979 suam
731 918 856 980 Seleuco
868 919 900 979 in
911 919 1143 982 matrimonium

214 1014 357 1086 dedisset,
370 1031 472 1092 neque
488 1032 523 1074 eo
534 1012 631 1092 magis
644 1011 706 1073 fida
720 1011 799 1073 inter
809 1031 860 1074 eos
870 1013 1003 1072 amicitia
1017 1032 1143 1076 manere

213 1106 371 1184 potuisset,
386 1111 492 1184 captus
502 1105 593 1178 bello,
611 1104 644 1164 in
659 1104 793 1164 custodia
807 1123 891 1164 socer
905 1105 1009 1184 generi
1023 1106 1142 1185 perlita

186 1205 201 1249 l
215 1200 332 1259 morbo.
349 1201 453 1279 Neque
464 1200 506 1260 ita
516 1201 614 1261 multo
628 1205 696 1278 post
709 1199 853 1261 Seleucus
868 1218 885 1258 a
899 1199 1074 1260 Ptolemaeo
1087 1201 1141 1261 Ce-

213 1309 310 1354 rauno
321 1292 388 1354 dolo
404 1293 581 1354 interfectus
595 1298 658 1365 est,
681 1311 773 1372 quem
786 1291 837 1352 ille
848 1311 866 1352 a
879 1297 963 1371 patre
978 1294 1141 1373 expulsum

213 1387 411 1459 Alexandrea,
424 1387 593 1448 alienarum
602 1405 697 1466 opum
708 1386 896 1464 indigentem
905 1389 1140 1469 receperatlpse

212 1485 316 1559 autem
327 1483 519 1542 Ptolemaeus
534 1499 605 1540 cum
625 1480 715 1541 vivus
730 1480 793 1540 filio
809 1499 940 1560 reguum
956 1482 1137 1557 tradidisset,

212 1575 251 1635 ab
265 1575 317 1635 illo
328 1575 435 1636 eodem
449 1576 511 1637 vita
522 1571 658 1654 privatus
673 1573 796 1635 dicitur.
1041 1631 1047 1640 ,

184 1675 200 1723 5
253 1671 296 1730 De
321 1669 432 1747 quibus
446 1669 590 1748 quoniam
610 1668 681 1728 satis
701 1667 818 1729 dictum
834 1672 989 1747 putemne,
1009 1687 1072 1729 non
1096 1670 1138 1731 in·

212 1764 406 1825 commodum
418 1764 540 1825 videtur
550 1781 612 1824 non
623 1761 786 1842 praeterire
800 1763 1001 1823 Hamilcarem
1016 1768 1047 1823 et
1058 1766 1138 1824 Han-

213 1858 357 1930 nibalem,
374 1878 449 1937 quos
468 1864 499 1918 et
519 1858 612 1917 animi
631 1857 842 1936 magnitudine
854 1863 884 1917 et
898 1856 1060 1919 ealliditate
1072 1877 1137 1920 om·

212 1974 266 2017 nes
280 1955 313 2018 in
327 1956 427 2018 Africa
440 1960 526 2017 natos
536 1955 719 2036 praestitisse
730 1959 857 2016 constat.

523 2143 610 2205 XXII·
635 2144 824 2201 adultera.

186 2349 198 2397 t
255 2322 289 2380 Ι.
303 2324 477 2395 Hadrume,
494 2324 673 2385 Hannibalis
695 2324 798 2396 filius,
822 2323 999 2404 cognomine
1023 2327 1134 2401 Barca,

211 2416 483 2495 Carthaginiensis,
502 2416 600 2496 primo
615 2417 745 2479 Poenico
763 2418 862 2490 bello,
878 2419 930 2478 sed
947 2422 1137 2500 temporibus

140 2523 199 2581 2417
211 2510 372 2583 extremis,
394 2510 560 2571 admodum
574 2512 816 2573 adolescentulus
840 2513 873 2572 in
883 2512 984 2574 Sicilia
995 2533 1136 2593 praeesse

182 2605 309 2683 ucoepit
327 2604 483 2665 exercitui.
511 2607 587 2666 Cum
602 2611 671 2666 ante
693 2607 759 2684 ejus
780 2606 947 2667 adventum
963 2611 993 2667 et
1012 2608 1089 2668 mari
1106 2615 1137 2671 et

209 2703 290 2756 terra
314 2695 392 2755 male
406 2715 454 2756 res
475 2702 655 2775 gererentur
676 2698 986 2777 Carthaginiensium,
1002 2699 1065 2778 ipse
1080 2700 1136 2760 ubi

208 2789 297 2851 affuit
310 2809 480 2868 numquam
491 2791 568 2852 hosti
578 2792 666 2852 cessit
677 2811 776 2872 neque
787 2792 888 2852 locum
899 2793 1027 2853 nocendi
1038 2792 1134 2868 dedit,

209 2903 357 2963 saepeque
369 2904 385 2945 e
396 2884 705 2960 contrarioouoasione
717 2885 944 2946 datalacessivit
954 2904 1136 2965 semperque

209 2977 346 3055 superior
362 2977 508 3037 discessit.
529 2979 595 3048 Ouo
625 2980 725 3051 facto,
752 2998 824 3039 cum
851 2997 946 3058 paene
973 2979 1076 3039 omnia
1104 2980 1136 3039 in

100 3102 101 3106 =
209 3068 309 3130 Sicilia
330 3070 424 3130 Poeni
439 3070 627 3144 amisissent,
648 3071 698 3131 ille
717 3074 846 3152 Erycem
871 3072 913 3133 sic
928 3071 1075 3145 defendit,
1100 3079 1133 3138 ut

181 3163 325 3226 abellum
340 3181 375 3223 eo
390 3164 454 3224 loco
468 3169 588 3242 gestum
610 3184 671 3225 non
686 3165 850 3226 videretur.
869 3166 994 3226 Interim
1010 3167 1129 3227 Cartha.

209 3256 360 3334 ginienses
371 3256 464 3316 classe
477 3256 559 3334 apud
573 3256 687 3319 insulas
699 3263 827 3337 Aegates
837 3277 854 3317 a
865 3267 903 3328 c.
918 3259 1048 3332 Lutatio,
1062 3279 1131 3320 con·

138 3344 196 3406 ΨΜ
210 3350 275 3411 sule
301 3353 525 3423 Romanorum,
550 3352 704 3430 superati,
735 3357 908 3412 statuerunt
936 3352 1008 3412 belli
1037 3353 1135 3415 facere

210 3444 321 3518 finem,
338 3464 465 3524 eamque
479 3466 556 3507 rem
570 3447 694 3508 arbitrio
716 3448 921 3526 permiserunt
942 3448 1132 3510 Hamilcttris.

210 3539 265 3600 Ille
280 3538 335 3599 etsi
350 3540 496 3617 flagrabat
510 3541 644 3600 bellandi
667 3541 847 3619 cupiditate,
868 3547 969 3600 tamen
991 3543 1057 3621 paci
1073 3563 1135 3604 ser·

209 3632 360 3696 viandum
372 3634 502 3712 putavit,
515 3635 595 3712 quod
607 3636 747 3713 patriam,
760 3638 936 3697 exhaustam
948 3638 1133 3717 sumptibus,
