2430 4110
169 339 213 388 llll.
488 342 519 392 ll.
538 340 683 393 A'l'TlCUS.
701 341 726 390 ὅ.
745 339 770 388 l.

169 439 392 500 adolescentem
413 441 545 502 Marium
570 443 688 502 hostem
705 438 876 517 judicatum
888 439 971 517 juvit
990 439 1100 519 opibus

139 534 248 607 asuis;
271 535 358 614 cujus
376 537 479 615 lugam
491 538 620 616 pecunia
634 534 815 596 sublevavit.
830 537 871 594 Ac
885 553 923 594 ne
946 534 997 594 illa
1015 554 1100 614 pere-

168 627 298 707 grinatio
325 626 544 690 detrimentum
572 629 692 708 aliquod
712 627 832 688 afferret
860 628 904 689 rei
936 628 1098 699 familiari,

169 723 275 783 codem
298 740 442 801 magnam
466 729 583 803 partem
605 724 797 782 fortunarum
823 720 942 799 trajecit
959 718 1097 780 su'arum.

170 815 226 876 Hic
242 815 283 875 ita
297 815 391 886 vixit,
409 819 444 875 ut
468 815 618 876 universis
641 813 879 875 Atheniensibus
893 813 1003 875 merito
1022 821 1100 875 essct

141 909 355 980 ,carissimus
371 911 447 969 Nam
462 913 581 988 praeter
602 907 741 988 gratiam,
763 905 913 984 quaejam
936 906 968 964 in
996 906 1099 966 adole-

169 1001 306 1062 scentulo
320 1006 515 1082 magnnerat,
531 1018 618 1082 saepe
637 999 699 1060 s'uis
717 998 826 1077 opibus
841 996 974 1076 inopiam
991 1015 1098 1059 eorum

169 1094 324 1172 publicam
345 1094 469 1155 levavit.
490 1094 567 1156 Cum
588 1093 670 1154 enim
685 1110 842 1153 versuram
864 1092 962 1151 lacere
978 1090 1099 1169 publice

170 1207 291 1249 necesse
303 1194 391 1263 esset,
411 1190 581 1269 nequeejus
593 1187 796 1249 conditionem
802 1203 930 1262 aequam
938 1185 1097 1257 haberent,

170 1301 290 1361 semper
308 1301 340 1343 se
355 1283 547 1363 interposuit,
563 1287 654 1361 atque
668 1281 720 1352 ita,
737 1285 878 1357 utneque
900 1296 1027 1339 usuram
1041 1278 1100 1337 ini-

170 1394 262 1454 quam
273 1375 311 1436 ab
322 1376 358 1436 iis
369 1377 528 1456 acceperit,
546 1394 645 1455 neque
661 1374 782 1453 longius
793 1371 1009 1451 quamdictunr
1021 1377 1098 1432 esset

144 1480 158 1525 5
172 1469 396 1546 deherepassus
406 1469 455 1529 sit.
469 1470 555 1539 Quod
566 1472 807 1545 utrumqucerat
817 1466 853 1526 iis
864 1465 1009 1526 salutare:
1026 1484 1097 1524 nam

172 1557 999 1640 nequeindulgendoinvetcrascerecorumaesalieuum
1008 1559 1100 1637 patie-

145 1655 279 1725 ahntur,
296 1673 395 1731 neque
410 1653 647 1732 multiplicandis
661 1651 762 1712 usuris
776 1669 919 1727 crescere.
939 1651 1031 1711 Auxit
1044 1652 1100 1711 hoo

173 1746 307 1805 olllolum
328 1746 385 1805 alia
406 1765 526 1824 quoque
547 1745 738 1805 liberalitate.
759 1746 835 1804 Nam
860 1743 1020 1804 universos
1038 1745 1103 1804 sru-

173 1838 405 1899 mcntodonavit
418 1886 425 1911 ,
437 1839 518 1899 itaut
531 1837 658 1916 singulis
667 1856 718 1898 sex
730 1837 821 1897 modii
834 1835 925 1896 tritici
937 1836 1099 1911 decentum

174 1931 225 2008 qui
249 1932 358 1991 modus
375 1950 536 1992 mensurae
558 1930 732 1990 medimnus
752 1929 878 1989 Athenis
898 1928 1079 2008 appellatur.

150 2046 161 2089 t
220 2023 259 2082 3.
282 2025 337 2082 Hic
352 2030 454 2083 antem
472 2023 514 2082 sic
531 2042 562 2083 se
577 2023 711 2100 gerebat,
728 2027 764 2080 ut
783 2020 954 2081 communis
970 2020 1101 2094 infimiS,

178 2134 231 2195 par
245 2116 432 2195 principibus
446 2116 612 2176 rideretur.
630 2116 695 2186 Ono
712 2116 825 2175 lactum
844 2119 889 2174 est
904 2117 937 2173 ut
952 2112 1026 2172 huic
1040 2133 1104 2173 om·

177 2229 231 2270 nes
251 2210 381 2271 honores
404 2230 479 2289 quos
493 2216 614 2288 possent
640 2209 757 2288 publice
771 2208 927 2278 haberent,
943 2207 1103 2286 civemque

177 2306 274 2363 lacere
297 2304 464 2364 studerent.
488 2305 553 2373 Quo
574 2302 722 2363 beneficio
745 2302 794 2362 ille
819 2302 863 2361 uti
886 2299 982 2360 noluit
997 2345 1004 2370 ,
1022 2298 1104 2378 quod

178 2397 317 2457 nonnulli
333 2398 374 2457 ita
388 2398 637 2476 interpretantur,
653 2397 750 2456 amitti
767 2397 920 2456 civitatem
932 2397 1103 2456 Romanam

150 2495 237 2566 palia
255 2497 357 2556 ascita.
374 2496 526 2568 Quamdiu
540 2495 638 2562 alluit,
661 2514 699 2555 ne
720 2515 779 2573 qua
794 2495 850 2554 sibi
866 2498 964 2554 statua
975 2511 1104 2572 ponere·
1132 2544 1141 2555 ,

180 2594 229 2647 tur
256 2588 382 2659 restitit3
419 2589 527 2649 absens
548 2589 707 2666 prohibere
728 2607 788 2648 uon
805 2589 914 2667 potuit.
932 2587 1038 2665 Itaque
1053 2587 1102 2647 nli·

177 2690 251 2761 quot
265 2684 321 2763 ipsi
341 2691 368 2744 ct
376 2685 501 2746 Phidiae
517 2686 588 2745 locis
603 2685 799 2745 sanctissimis
813 2689 979 2764 posuerunt
999 2702 1006 2742 ε
1021 2685 1104 2745 hunc

178 2777 260 2836 enim
275 2777 307 2837 in
319 2779 401 2839 omni
413 2778 624 2857 procuratione
640 2778 683 2837 rei
697 2779 835 2857 publicae
853 2783 985 2838 actorem
999 2783 1098 2839 aucto·

151 2887 166 2932 a
180 2889 304 2949 remque
315 2872 478 2932 habebant.
490 2871 587 2950 igitur
595 2871 728 2949 primum
740 2871 816 2930 illud
827 2889 941 2931 munus
951 2871 1101 2930 fortunae.

177 2965 257 3041 quod
273 2966 304 3025 in
326 2986 361 3026 eo
378 2965 568 3045 potissimum
584 2964 660 3025 urbe
681 2969 771 3024 natus
792 2969 836 3024 est
857 2963 888 3023 in
902 2982 962 3042 qua
977 2962 1104 3023 domici-

178 3063 253 3122 lium
268 3059 506 3122 orbisterrarum
518 3061 594 3117 essct
604 3056 734 3134 imperii,
747 3061 780 3115 ut
794 3056 921 3116 eandem
933 3059 962 3115 et
973 3055 1103 3134 patriam

179 3156 304 3216 liaberet
325 3158 355 3212 ct
379 3151 522 3221 domum;
543 3149 600 3210 hoe
623 3149 776 3227 specimen
799 3147 994 3226 prudentiae,
1021 3146 1103 3226 qnod

181 3268 250 3308 cnm
267 3248 299 3306 in
317 3263 383 3305 eam
398 3262 429 3304 se
444 3242 597 3302 civitatem
612 3241 787 3302 contulisset
803 3258 881 3319 quae
902 3239 1102 3318 antiquitate,

181 3339 368 3400 humanitate
403 3336 598 3413 doctrinaque
630 3337 794 3412 praestaret
817 3351 940 3404 omnes,
973 3350 1055 3392 unus
1076 3331 1103 3392 ci

183 3434 236 3493 luit
254 3430 436 3491 carissimus.

153 3549 163 3592 t
222 3531 261 3585 4.
279 3529 391 3584 llucex
410 3523 478 3582 Asia
499 3522 582 3583 Sulla
594 3521 740 3580 decedens
752 3539 822 3580 cum
837 3517 979 3588 venisset,
995 3537 1104 3596 quarn-

140 3623 232 3684 Sl-diu
249 3618 288 3679 ibi
305 3616 374 3689 tuit,
391 3633 493 3676 secum
510 3613 615 3673 habuit
637 3613 856 3692 Pomponium,
870 3616 975 3691 captus
1002 3611 1104 3672 adole·
