2430 4110
173 348 222 400 lll
494 346 525 398 ll.
539 344 684 399 ATTlCUS.
698 342 786 397 91.Ξέ

149 445 161 494 ¹
215 439 276 496 21.
299 433 366 495 Tali
384 433 475 493 modo
498 452 570 494 cum
597 438 718 511 septem
746 436 777 492 et
797 431 998 510 septuaginta
1019 449 1123 494 anuos

174 527 372 606 complesset,
386 531 479 605 atque
492 526 530 587 ad
548 532 718 588 extremam
729 531 922 587 senectutem
935 544 1000 586 non
1012 526 1120 588 minus

173 622 326 702 dignitate
335 641 430 701 quam
439 621 729 702 gratiafortunaque
742 620 891 681 crevisset
899 621 1119 696 (multasenim

148 750 150 754 >
173 716 361 798 hereditates
373 715 461 776 nulla
472 715 531 777 alia
543 734 576 775 re
591 734 682 793 quam
692 715 831 775 bonitate
844 720 1033 776 consecutus
1045 720 1114 790 est),

173 814 323 890 tantaque
339 811 543 890 prosperitate
559 829 634 870 usus
652 817 733 871 esset
748 809 950 882 valetudinis,
975 817 1010 871 ut
1024 813 1114 874 annis

149 904 302 984 ttriginta
313 904 466 964 medicina
480 923 542 965 non
558 903 753 982 indiguisset,
770 909 879 964 nactus
892 911 940 964 est
955 905 1111 979 morbum,

172 1014 265 1073 quem
280 995 369 1056 initio
384 1001 415 1056 et
427 995 493 1074 ipse
506 1000 538 1054 et
549 994 662 1055 medici
677 1000 950 1073 contempserunt:
968 1014 1044 1056 nam
1058 1016 1112 1076 pu·

175 1093 278 1149 terunt
297 1107 366 1151 esse
390 1093 566 1162 tenesmon,
593 1089 642 1149 eui
657 1089 796 1150 remedia
810 1088 922 1149 celeria
950 1089 1111 1169 faciliaque

146 1183 437 1265 5proponcbantur.
454 1186 490 1245 ln
506 1187 652 1247 boccum
668 1192 730 1247 tres
745 1205 869 1247 menses
885 1187 952 1246 sine
969 1188 1044 1248 ullis
1059 1189 1110 1248 do·

171 1279 298 1349 loribus,
317 1285 534 1358 praeterquam
546 1299 623 1360 quos
647 1281 856 1341 execratione
869 1280 1024 1359 capiebat,
1042 1301 1111 1343 con-

172 1371 365 1451 sumpsisset,
382 1371 485 1434 subito
501 1379 587 1434 tanta
599 1373 645 1435 vis
656 1374 756 1434 morbi
769 1374 799 1433 in
816 1373 915 1434 imum
926 1374 1110 1435 intestinum

171 1469 323 1547 prorupit,
337 1475 373 1530 ut
384 1474 521 1529 extremo
532 1474 672 1548 tempore
684 1488 741 1547 per
751 1470 876 1529 lumbos
888 1468 1014 1529 fistulae
1026 1471 1110 1548 puris

146 1561 342 1639 teruperiut.
355 1565 454 1640 Atque
466 1563 524 1622 hoc
536 1562 717 1641 priusquam
729 1563 758 1623 ei
770 1563 933 1634 arrideret,
947 1569 1110 1642 postquam

169 1653 202 1713 iu
218 1654 284 1715 dies
301 1655 423 1716 dolores
438 1674 614 1717 accrescere
629 1657 794 1734 febresque
809 1656 977 1717 accessisse
1000 1657 1109 1728 sensit,

170 1754 339 1834 Agrippam
353 1774 506 1835 generum
521 1758 560 1817 ad
576 1776 608 1818 se
624 1757 740 1817 accersi
761 1756 857 1835 jussit
878 1762 910 1817 et
935 1775 1008 1817 cum
1023 1775 1060 1817 eo
1075 1757 1110 1816 L.

145 1847 347 1910 5Cornelium
375 1850 507 1911 Balbum
536 1851 724 1928 Sextumque
752 1851 961 1911 Peducaeum.
987 1853 1051 1910 Hos
1078 1856 1112 1910 ut

168 1941 291 2005 venisse
320 1944 410 2017 vidit,
439 1945 471 2004 in
499 1945 640 2006 cubitum
669 1944 796 2005 innixus
815 1945 977 2019 Qaraotom,
995 1943 1109 2022 inquit,

169 2054 277 2098 coram
288 2037 535 2120 diligentiamque
546 2040 580 2098 io
591 2037 765 2099 valetudine
776 2057 842 2098 meo
853 2037 1030 2099 taeodolroc
1041 2045 1112 2099 terri·

165 2121 239 2211 pore
252 2131 455 2207 adhibuerim,
472 2153 542 2196 coro
557 2153 608 2197 oor
623 2142 710 2196 tester
736 2133 872 2211 habeam,
898 2133 980 2196 nihil
993 2152 1111 2197 necesse

168 2233 213 2287 ert
223 2222 481 2306 pturiioroerbir
502 2243 747 2286 commemorare.
773 2224 888 2301 eribos
903 2226 1060 2305 quoniam,
1077 2231 1111 2284 ot

168 2339 265 2403 spero,
281 2319 420 2399 satisfeci
433 2338 479 2380 me
493 2319 572 2380 nibil
586 2319 699 2399 reliqui
721 2318 828 2398 fecisse
849 2319 930 2400 qood
945 2320 987 2380 od
1001 2338 1112 2381 coron·

73 2477 74 2481 ,
168 2416 242 2478 dum
256 2433 303 2476 me
314 2412 492 2494 pertineret,
508 2411 661 2492 reliquom
677 2418 722 2472 ert
735 2419 770 2473 ut
785 2420 898 2492 epomet
911 2413 987 2474 mibi
1001 2432 1110 2475 corrru-

140 2509 238 2576 oiam.
252 2508 292 2570 ld
300 2525 355 2570 vor
366 2507 512 2587 ipoorore
522 2505 620 2567 nolui.
633 2506 714 2566 Nom
722 2505 798 2566 miti
807 2506 958 2568 rtutolere
969 2506 1111 2568 morbum

166 2603 301 2664 desinere
314 2623 323 2662 .·
346 2617 476 2680 nomque
491 2598 538 2660 hir
553 2598 659 2660 diebos
675 2598 826 2680 quidquid
840 2596 901 2659 cibi
921 2601 1049 2678 ruinosi,
1067 2603 1111 2663 ito

163 2694 306 2776 prodooei
327 2701 422 2755 vrtaor
450 2701 485 2754 ut
508 2693 654 2754 ooaeerim
680 2693 800 2754 dolores
829 2693 895 2753 eine
918 2710 970 2772 spe
984 2693 1109 2755 solertis.

168 2790 297 2863 Quorea
312 2783 396 2848 vobis
404 2793 475 2865 peto
482 2785 621 2865 primori
633 2792 667 2846 ut
678 2784 838 2845 consitium
847 2781 984 2864 probetis
996 2803 1109 2862 meum,

166 2882 276 2944 deinde
290 2901 327 2944 rie
341 2880 465 2962 frustra
480 2878 667 2941 dehortando
681 2877 829 2957 impedire
843 2878 1005 2938 corentini.

140 2999 153 3048 ς
207 2981 268 3038 2².
282 2979 347 3037 Hac
358 2974 496 3036 oratione
511 2973 618 3035 habita
633 2978 719 3034 tanta
729 2971 901 3033 constantia
917 2971 1002 3032 vocis
1017 2979 1109 3051 atque

165 3069 283 3143 vultus,
296 3075 404 3130 utnon
416 3067 537 3141 exvita,
551 3068 605 3128 sed
614 3086 651 3129 cx
663 3067 754 3126 domo
766 3065 799 3125 in
810 3067 939 3126 domum
949 3065 1111 3127 videretur

95 3176 99 3181 ·
141 3161 312 3240 emigrare,
321 3180 393 3224 cum
403 3160 531 3239 quidem
541 3161 676 3240 Agrippa
686 3178 757 3221 eum
769 3161 848 3220 llens
857 3165 951 3238 atque
963 3162 1110 3220 osculans

164 3263 366 3335 oraretatque
377 3257 553 3318 obsecraret
563 3253 775 3332 neadidquod
786 3260 897 3315 natura
907 3255 1110 3333 cogeretipse

164 3370 285 3432 quoque
299 3350 357 3412 sibi
369 3350 568 3422 acceleraret,
583 3355 615 3410 et
625 3347 773 3426 quoniam
787 3353 855 3408 tum
867 3365 991 3425 quoque
1005 3353 1111 3426 posset

138 3481 154 3531 3
166 3447 356 3525 temporibus
366 3463 541 3524 superesse,
553 3463 586 3504 se
596 3442 656 3504 sibi
665 3442 792 3520 suisque
804 3448 987 3514 reservaret,
999 3460 1108 3520 preces

164 3533 1108 3618 ejustaciturnasuaobstinationedepressitSiccumbiduum

163 3627 1129 3726 ciboseabstinuisset,subitolcbrisdecessit,leviorquemom
