2430 4110
396 330 669 383 >lucdowicus
682 332 709 383 8.
992 328 1022 378 'll

85 427 1025 514 nibilumquamdomumsuamcontulit‚nibildevictu,nibil

85 529 120 592 de
128 531 245 593 vestitu
255 533 412 591 Laconum
421 528 564 589 mutavit.
573 531 669 589 Domo
681 528 1023 590 cademfuitcontentus
1037 558 1041 563 ·

84 640 140 702 qua
155 625 382 704 Eurystheum,
398 622 578 702 progenitor
591 624 746 702 majorum
760 640 899 694 suorum,
916 623 1018 681 luerat

84 736 179 792 usus3
199 737 294 798 quam
324 716 377 796 qui
403 717 544 788 intrarat,
572 716 694 776 nullum
717 715 842 796 signum
869 714 1021 788 lihidinis,

84 811 205 872 nullum
219 810 360 872 luxuriae
375 809 482 871 videro
499 813 631 887 poterat,
645 813 753 870 contra
768 828 804 870 ea
818 809 953 886 plurima
968 827 1023 886 pa-

84 904 209 966 tiontiae
225 910 317 983 atque
333 901 562 965 abstinentiae:
590 902 634 962 sio
662 902 748 963 enim
770 907 837 964 erat
858 902 1021 976 instructa,

86 1003 117 1059 ut
128 998 161 1058 in
173 998 261 1081 nulla
273 1017 306 1059 re
320 997 461 1058 differret
480 1016 499 1056 a
521 995 660 1074 cujusvis
674 996 775 1074 inopis
791 1001 883 1075 atque
899 995 1020 1074 privati.

110 1097 144 1152 8.
156 1095 257 1170 Atque
267 1091 317 1151 bio
326 1096 433 1152 tantus
442 1089 490 1150 vir
501 1095 536 1149 ut
544 1095 691 1150 naturam
700 1091 863 1151 fautricem
872 1090 1045 1151 habueratt

85 1183 115 1246 in
129 1185 309 1247 tribuendis
330 1185 428 1247 animi
447 1184 628 1256 virtutibus,
652 1186 696 1245 sic
720 1185 893 1245 maleficam
914 1191 1023 1248 nactus

86 1286 129 1342 est
145 1281 178 1341 iu
201 1299 328 1359 corpore
343 1279 492 1358 fingendo
507 1297 514 1338 ε
530 1296 604 1339 uam
619 1283 651 1339 et
668 1283 787 1339 statura
797 1279 856 1338 fuit
869 1280 980 1340 humili
993 1285 1024 1341 et

86 1394 208 1456 corpore
224 1375 336 1454 exiguo
352 1380 384 1435 et
399 1373 528 1435 claudus
543 1373 641 1434 altero
659 1375 749 1452 pede.
764 1374 847 1444 Quae
864 1392 913 1434 res
929 1374 1023 1435 etiam

86 1471 267 1534 nonnullam
291 1470 442 1531 afferebat
463 1468 705 1542 deformitatem,
731 1473 823 1549 atque
847 1468 957 1547 ignoti,
981 1473 1023 1531 fa-

87 1567 161 1629 ciem
176 1566 245 1645 ejus
260 1583 331 1625 cum
343 1565 556 1636 intuerentur,
573 1564 835 1636 contemnebant;
853 1564 905 1643 qui
917 1571 1022 1627 autem

86 1661 214 1722 virtutes
230 1663 383 1719 noverant
407 1677 472 1719 non
487 1662 632 1738 poterant
652 1658 799 1719 admirari
822 1659 907 1719 satis.
935 1662 1021 1732 Quod

86 1756 112 1818 ci
126 1776 185 1817 usu
200 1754 298 1826 venit,
320 1772 391 1813 cum
412 1772 567 1814 annorum
589 1754 743 1832 octoginta
769 1755 906 1815 subsidio
921 1759 1047 1819 Tachoa

87 1851 117 1913 in
132 1854 310 1930 Aegyptum
323 1849 411 1909 iisset
422 1853 454 1909 et
464 1848 498 1909 in
510 1854 578 1909 acta
591 1867 661 1908 curn
673 1849 737 1909 suis
749 1849 943 1912 accubuisset
954 1853 1020 1913 sine
1044 1852 1100 1913 361

86 1945 145 2006 ullo
161 1948 254 2013 tecto,
268 1947 463 2020 stratumque
474 1941 605 2002 haberet
619 1942 693 2015 tale,
707 1947 743 2002 ut
755 1949 839 2004 terra
850 1949 929 2005 tecta
940 1952 1023 2007 esset

46 2096 48 2101 .
88 2036 266 2100 stramentis
281 2055 384 2114 neque
399 2036 460 2095 buc
473 2035 607 2113 amplius
618 2055 713 2115 quam
728 2036 817 2115 pellis
830 2044 914 2100 essct
928 2039 1022 2119 injec-

86 2140 124 2206 ta,
142 2133 314 2209 eodemque
339 2149 399 2208 quo
424 2129 552 2190 comites
568 2148 676 2190 omnes
699 2130 893 2193 accubuisset
907 2136 1020 2196 vestitu

85 2226 194 2289 humili
208 2230 303 2304 atque
319 2224 468 2296 obsoleto,
486 2228 522 2283 ut
536 2241 645 2284 eorum
659 2228 786 2285 ornatus
802 2244 865 2286 non
880 2227 972 2289 modo
988 2228 1020 2289 in

85 2321 132 2383 bis
154 2337 263 2398 regem
288 2317 449 2378 neminem
476 2317 677 2396 significaret,
705 2319 760 2380 sed
784 2319 926 2382 homiues
958 2342 1020 2383 uon

85 2413 280 2488 beatissimos
295 2431 365 2474 esse
380 2413 589 2492 suspicionem
611 2415 784 2492 praeheret.
801 2417 899 2496 Hujus
915 2416 953 2478 de
968 2413 1045 2477 ad-³

80 2512 175 2568 ventu
187 2507 269 2566 lama
283 2523 355 2566 cum
371 2507 411 2567 ad
426 2507 529 2586 regios
544 2512 627 2567 esset
649 2507 777 2585 perlata,
794 2510 936 2570 celeriter
950 2530 1020 2572 mu-

79 2620 153 2662 nera
165 2619 202 2662 eo
215 2600 366 2678 cujusque
383 2600 510 2678 generis
526 2605 600 2660 sunt
613 2599 716 2661 allata.
730 2602 785 2662 His
797 2605 1020 2682 quaerentibus

81 2695 260 2775 Agesilaum
273 2693 325 2754 vix
340 2693 418 2755 fides
434 2696 514 2755 iacta
529 2701 577 2755 est
589 2715 688 2756 uuum
699 2716 767 2757 esse
783 2700 872 2760 exiis
888 2700 1020 2779 quitum

80 2791 280 2852 accubabant.
293 2789 350 2861 Qui
360 2808 431 2849 cum
441 2790 523 2869 regis
533 2791 636 2852 verbis
648 2811 727 2871 quae
739 2794 909 2856 attulerant
918 2796 1045 2860 dedis-⁴

81 2891 160 2958 sent,
174 2884 226 2944 ille
238 2889 362 2962 praeter
372 2883 537 2944 vitulinam
549 2890 581 2945 et
591 2884 744 2964 ejusmodi
754 2904 870 2964 genera
885 2893 1017 2968 opsonii,

80 2997 157 3058 quae
173 2996 321 3056 praesens
336 2982 460 3056 tempus
475 2979 685 3051 desiderabat,
709 2980 787 3040 nibil
800 2983 937 3061 accepit3
961 3007 1019 3048 un.
1090 3031 1092 3035 ,

80 3078 207 3153 guenta,
225 3091 354 3133 coronas
376 3074 607 3152 secundamque
629 3093 771 3136 mensam
786 3077 884 3138 servis
899 3079 1020 3160 disper-

81 3169 140 3242 tiit,
154 3173 258 3229 cetera
273 3167 381 3227 referri
393 3167 499 3246 jussit.
517 3168 582 3238 Quo
597 3168 677 3228 facto
692 3187 764 3228 eum
780 3170 903 3234 barbari
919 3177 1044 3254 magist

80 3263 174 3324 ctiam
189 3264 455 3336 contempserunt,
474 3260 555 3339 quod
577 3279 650 3321 eum
672 3261 847 3339 ignorantia
865 3265 1018 3330 bonarum

81 3374 186 3420 rerum
212 3354 264 3414 illa
280 3352 477 3432 potissimum
500 3355 669 3434 sumpsisse
690 3356 934 3421 arbitrabantur.
962 3367 1018 3427 Hic
1114 3367 1117 3400 ³

80 3470 150 3512 cum
162 3469 200 3510 ex
212 3452 352 3525 Aegypto
360 3454 581 3521 reverteretur,
596 3450 728 3511 donatus
738 3453 777 3511 ab
788 3471 860 3532 rege
871 3454 1043 3519 Nectanass
1105 3528 1108 3535 ¹

80 3546 151 3608 bide
168 3542 309 3603 ducentis
325 3540 436 3618 viginti
452 3544 589 3616 talentis,
607 3563 684 3622 quae
700 3544 751 3606 ille
766 3549 890 3608 muneri
906 3553 1018 3628 populo

81 3655 135 3697 suo
148 3635 246 3706 daret,
262 3630 461 3716 venissetque
478 3633 510 3693 iu
525 3639 650 3712 portum
662 3636 715 3714 qui
732 3636 861 3698 Menelai
876 3634 1021 3720 vocatur,¹
