2430 4110
216 339 248 384 un
320 305 322 310 ’
511 337 598 385 xxm.
613 314 783 385 {refluum
805 341 832 384 ru

218 435 332 506 licium,
350 441 382 495 ul
398 436 428 495 iu
441 436 584 495 omnibus
595 437 732 514 pertibus
746 434 874 494 aedificii
886 434 985 494 exiles
998 435 1126 495 liaberel
1139 481 1147 506 ,

190 527 333 588 rseilieet
351 548 459 590 verens
474 548 512 588 ne
534 550 591 588 usu
611 531 725 590 venirel
745 530 825 607 qued
847 529 965 589 eccidil.
988 531 1056 588 llue
1076 548 1149 588 cum

218 619 307 698 leguli
317 624 522 681 llemunurum
531 623 680 682 venissent
695 641 728 681 ee
738 621 935 681 multitudine
943 621 1070 679 domum
1083 622 1152 699 ejus

216 713 501 787 circumdedissent,
530 736 604 795 puer
621 719 659 776 uli
671 717 764 795 jenua
781 715 964 794 prospiciens
986 716 1149 775 Hannibali

216 807 290 866 uixit
300 809 402 886 plures
411 816 529 888 praeter
537 810 787 869 consuetudinem
795 810 1148 887 urmeloseppur·ere.0ui

217 901 377 978 imperavit
391 903 417 963 ei
435 910 467 962 ul
480 922 586 962 omues
597 903 675 962 iores
686 901 813 962 aedilicii
826 902 1012 973 circumirel‚
1028 922 1063 961 ne
1077 922 1149 981 pro·
1185 962 1189 970 ,

142 1061 144 1066 ,
217 1011 287 1070 pere
305 993 362 1053 sibi
378 995 532 1054 nuntiaret
544 1014 620 1054 num
635 995 740 1055 eodem
758 994 848 1055 modo
872 994 1009 1071 nudique
1026 995 1148 1055 obside·

189 1092 203 1137 5
220 1091 312 1144 retur.
327 1088 408 1146 Puer
422 1105 491 1147 eum
506 1087 643 1148 celeriter
656 1088 731 1164 quid
749 1092 824 1147 esser
842 1087 1057 1160 renunliusset,
1079 1107 1147 1147 om-

217 1195 329 1255 nesque
345 1178 443 1239 exitus
454 1187 614 1258 occupatos
635 1180 830 1251 ostendisset,
846 1180 938 1241 sensit
957 1180 986 1239 id
1010 1200 1071 1241 nou
1085 1184 1145 1243 ler-

216 1270 293 1330 tuilo
304 1272 430 1344 saelum,
447 1274 499 1332 secl
516 1273 624 1353 sepeli
644 1292 742 1352 neque
757 1273 814 1333 sihi
836 1272 952 1333 diutius
966 1275 1061 1333 vilem
1079 1294 1144 1336 esse

216 1365 416 1425 relinendum.
430 1367 527 1437 Quum
541 1386 578 1426 ue
590 1366 688 1428 alieno
700 1367 825 1427 arbitrio
836 1366 1014 1438 dimillerel‚
1027 1385 1144 1428 memor

147 1459 202 1516 183
218 1457 411 1533 pristinarum
432 1459 600 1531 virtulum,
616 1479 789 1532 venenum,
805 1459 887 1539 quod
901 1477 1021 1538 semper
1039 1478 1142 1521 seeum

215 1549 324 1609 hebere
340 1557 510 1623 euusueral,
524 1554 663 1632 sumpsit.
1113 1622 1117 1631 ,

190 1658 199 1701 r
250 1643 316 1701 18.
331 1645 621 1706 Sievirferlissimus
632 1646 736 1706 mullis
748 1646 898 1724 variisque
907 1646 1088 1724 perfunctus
1097 1648 1140 1707 le·

215 1736 350 1809 boribus,
361 1739 1140 1818 euneacquievitseptuagesirrro.0uibrrsconsulibus

216 1830 362 1890 interierit
387 1851 448 1891 uun
470 1833 622 1892 convenil.
648 1835 784 1910 Namque
809 1834 926 1892 Alliens
951 1834 992 1893 M.
1017 1834 1140 1895 Cluudie

215 1924 355 1984 Marcelle
366 1927 401 1994 Q.
416 1926 507 1985 renio
519 1927 658 1986 Labeone
676 1925 851 1985 consulibus
866 1931 1022 1986 morinum
1043 1927 1074 1986 in
1086 1948 1139 1988 au-

216 2017 276 2076 nuli
291 2037 347 2078 suo
358 2018 502 2097 seriptum
516 2019 650 2095 reliquit,
663 2024 691 2076 el
705 2018 894 2097 PolybiusL.
908 2020 1139 2081 AemilioPaulo

214 2111 272 2170 Cn.
294 2111 403 2171 Baebio
423 2113 593 2191 Templum,
610 2112 762 2190 Sulpicius
778 2117 880 2171 aulem
897 2113 996 2173 Blillro
1016 2116 1052 2174 P.
1072 2116 1139 2176 Cor·

186 2203 294 2263 ‘L'nelie
317 2205 448 2283 Cethego
466 2207 507 2264 M.
532 2206 641 2265 Beehie
662 2205 832 2283 Tamphilo.
851 2210 948 2282 Atque
970 2206 1020 2265 hie
1037 2213 1138 2269 leuius

213 2298 259 2356 vir
280 2299 431 2376 lautisque
445 2299 533 2358 bellis
550 2299 704 2358 districtus
718 2299 858 2358 nonnihil
872 2300 1018 2377 temporis
1034 2303 1138 2361 tribuit

211 2391 328 2450 lilleriS.
346 2392 482 2468 Namque
496 2391 608 2469 aliquoi
618 2392 684 2469 ejus
698 2391 764 2450 libri
776 2398 859 2464 sunl,
876 2392 990 2450 Graece
1001 2411 1137 2453 sermone

201 2486 354 2557 uenienti,
372 2486 403 2544 in
431 2483 469 2545 iis
490 2485 528 2545 ad
542 2485 673 2546 Rhodius
688 2485 725 2545 de
741 2486 800 2545 Cn.
821 2484 923 2544 Manlii
944 2486 1083 2575 Velsr'rnis
1107 2488 1136 2546 in

182 2597 196 2641 5
213 2578 280 2637 :lsie
293 2580 382 2638 rebus
393 2579 495 2657 gestis,
509 2581 610 2657 Hujus
618 2578 689 2639 belli
699 2585 782 2657 gesta
793 2579 882 2638 mulli
893 2580 1057 2640 memoriae
1069 2601 1136 2660 pre-

210 2671 369 2742 uiderunt,
389 2672 442 2730 sed
456 2691 493 2731 ex
504 2672 551 2731 liis
565 2672 637 2742 due,
653 2672 705 2749 qui
724 2688 795 2731 eum
809 2689 844 2732 ee
856 2671 886 2731 iu
898 2673 1001 2732 cestris
1013 2675 1137 2735 fueruut

210 2763 361 2842 simulque
373 2763 529 2836 virerum,
546 2764 692 2842 quamdiu
709 2767 832 2825 forrum
843 2783 927 2843 passa
940 2770 983 2825 est
996 2811 1003 2837 ‚
1017 2767 1136 2828 Silenus

209 2863 240 2916 el
262 2858 376 2919 Sesilus
395 2857 662 2917 Lacedaemonius.
683 2861 781 2937 Atque
799 2858 857 2918 hee
874 2859 968 2918 Sesilo
985 2861 1136 2922 Hunnibul
1157 2922 1160 2933 ,

210 2951 379 3010 lillerurum
395 2952 577 3011 Graecarum
594 2970 668 3010 usus
682 2955 728 3010 est
742 2951 874 3011 decime.
1156 3025 1163 3034 ,

181 3070 196 3111 r
251 3045 309 3104 Sed
321 3062 376 3104 nes
386 3050 507 3121 tempus
523 3048 566 3103 esl
578 3044 671 3122 liujus
684 3043 754 3103 libri
766 3045 863 3103 secere
877 3043 970 3103 finem
982 3051 1010 3104 el
1025 3048 1134 3107 Remu·
1152 3031 1163 3116 l

210 3155 317 3197 uorum
330 3136 478 3215 explicare
489 3136 695 3215 imperatorem
710 3135 907 3215 quofeeilius‚
923 3137 1037 3199 collutis
1051 3146 1133 3201 ulre-

209 3249 338 3299 rumeue
352 3231 453 3304 fectis,
468 3230 520 3312 qui
540 3230 595 3293 viri
608 3230 797 3311 praeferendi
816 3231 875 3290 siul
886 3231 977 3312 pessil
988 3232 1131 3313 judicari.
