2430 4110
435 336 643 386 eburneas.
658 337 683 386 e.
702 340 728 387 s.
789 307 792 314 ’
1026 340 1042 388 r

124 443 225 516 ponte
254 438 385 498 tacerent
401 439 598 517 postulasset,
635 439 677 498 illi
703 438 862 498 irridentes
881 439 1068 518 responde-5

106 535 267 591 -runttum
279 530 309 590 id
320 549 351 590 se
368 532 511 604 tacturos,
535 549 605 591 eum
614 531 663 592 ille
674 531 763 592 domo
777 531 905 591 novibus
924 532 1043 610 protici-

117 644 204 687 scens
219 631 311 687 vento
323 626 463 704 aquilone
477 626 608 686 venisset
626 629 785 687 Lemnum.
803 628 858 687 Hie
872 627 953 687 enim
969 647 1043 688 ven-

104 724 179 801 itus,
195 721 234 779 ab
248 720 621 799 septentrionibusoriens,
637 721 800 780 adversum
814 725 898 781 tenet
918 722 1044 782 Albenis

119 812 389 892 proficiscentibus.
403 812 552 872 Miltiades
570 813 707 873 morundi
725 818 846 891 tempus
856 833 916 874 non
928 815 1042 874 babens
1056 832 1072 878 a

108 925 242 994 ¹cursum
257 905 366 965 direxit
390 923 450 983 que
468 905 633 975 tendebat,
662 906 861 983 pervenitque
878 906 1043 967 Chersone-

108 1018 200 1080 ⁷sum.

104 1084 110 1111 ¹
160 1094 199 1150 ⁴2.
217 1090 261 1150 Ibi
271 1089 355 1149 brevi
368 1094 501 1168 tempore
512 1089 710 1148 barbarorum
722 1089 814 1167 copiis
829 1090 1042 1167 disjectis‚tota
1058 1124 1070 1168 1

117 1183 241 1262 regione
252 1200 343 1260 qnam
357 1181 481 1259 petierat
494 1182 618 1259 potitus,
627 1182 691 1240 loca
702 1182 829 1241 castellis
844 1183 950 1242 idonea
964 1202 1044 1242 com-

117 1275 252 1346 muniit,
274 1273 518 1342 multitudinem,
534 1290 624 1350 quarn
649 1291 752 1331 secum
768 1273 905 1344 duxerat,
920 1274 950 1332 in
965 1275 1044 1352 agris

116 1368 277 1428 collocavit
297 1366 469 1443 crebrisque
481 1365 709 1424 excursionibus
722 1366 924 1444 locupletavit.
940 1369 1068 1444 Nequeo
1130 1385 1133 1391 ·

111 1460 220 1521 minus
240 1459 270 1518 in
292 1466 327 1518 ea
343 1476 376 1517 re
392 1457 553 1535 prudentia
567 1476 658 1534 qurnn
675 1458 816 1517 felicitate
837 1459 960 1535 adjutus
981 1467 1039 1519 est.

117 1557 191 1615 Nam
207 1573 278 1614 cum
294 1554 406 1612 virtute
423 1552 555 1610 militum
567 1551 723 1610 devicisset
739 1552 871 1610 bostium
883 1553 1043 1623 exercitur,

116 1668 237 1708 summa
251 1646 402 1724 aequitate
417 1665 465 1705 res
484 1644 638 1704 constituit
655 1650 747 1720 atque
770 1646 831 1721 ipse
858 1645 968 1705 ibidem
984 1665 1046 1704 rna-

118 1760 189 1801 nero
214 1740 360 1800 decrevit.
393 1741 464 1798 Erat
488 1738 570 1798 enim
596 1739 674 1796 inter
702 1757 752 1797 eos
778 1739 923 1815 dignitate
951 1740 1071 1821 regia,3

118 1836 257 1915 quamvis
270 1834 389 1893 carebat
401 1833 534 1903 nomine,
549 1851 647 1910 neque
659 1832 688 1890 id
703 1833 798 1910 magis
812 1833 938 1909 imperio
953 1853 1044 1910 quam

108 1929 235 2008 justitia.
253 1931 450 1986 consecutae.
469 1929 572 2003 Neque
593 1944 628 1984 eo
643 1925 740 1984 secius
759 1927 1012 1998 Atheniensibus,
1028 1947 1045 1985 a

108 2024 229 2101 quibus
244 2025 309 2081 erat
340 2021 507 2097 protectus,
528 2018 625 2078 officia
641 2019 947 2095 praestabatffluibus
956 2022 1046 2080 rebus

121 2115 209 2174 tiebat
229 2118 336 2172 utnon
361 2111 463 2171 minus
481 2130 586 2171 eorum
601 2111 758 2169 voluntate
780 2121 926 2191 perpetuo
949 2114 1044 2190 impc-

118 2208 196 2266 rium
208 2204 358 2264 obtineret
370 2203 422 2280 qui
434 2203 590 2273 miserant,
604 2221 696 2279 quam
712 2203 833 2263 illorum
845 2224 914 2264 cum
930 2207 1041 2283 quibus

121 2310 182 2360 crat
204 2298 366 2375 profectus.
389 2296 572 2363 Chersoneso
594 2294 644 2353 tali
667 2295 756 2362 inodo
774 2297 935 2357 constituta
954 2300 1073 2366 Lem-4

33 2431 36 2436 -
120 2408 194 2449 num
209 2388 387 2457 revertitur,
399 2392 429 2446 ct
447 2405 483 2446 ex
497 2393 584 2466 pacto
596 2389 727 2465 postulet
746 2395 780 2447 ut
791 2390 847 2448 sibi
858 2391 967 2449 urbem
985 2396 1044 2449 tra·

110 2483 202 2545 dant.
230 2481 276 2540 llli
292 2479 375 2538 enim
394 2479 553 2550 dixerant,
570 2498 640 2537 cum
655 2485 745 2538 vento
768 2481 858 2540 borea
876 2481 964 2541 domo
977 2501 1047 2559 pro-

112 2576 217 2634 tectus
228 2591 267 2651 eo⁴
280 2571 476 2650 pervenisset,
491 2590 555 2631 sese
571 2571 742 2631 dedituros:
756 2591 787 2632 se
802 2578 904 2632 autern
919 2575 1045 2634 domum

122 2665 298 2728 Chersonesi
328 2665 451 2725 babere.
473 2667 577 2736 Caice,
601 2667 653 2744 qui
681 2671 745 2726 turn
764 2669 913 2727 Lemnum
936 2669 1073 2734 incole-s

118 2759 209 2832 bant,
223 2759 278 2820 etsi
295 2764 413 2838 praeter
433 2759 607 2837 opinionem
622 2779 669 2820 res
684 2747 843 2832 ceciderat,
863 2768 969 2841 ,tamen
985 2783 1045 2824 noo

121 2854 211 2925 dicto,
234 2853 288 2913 sed
308 2852 440 2913 secunda
458 2854 579 2912 fortuna
598 2853 838 2913 adversariorum
856 2847 952 2933 eapti,
972 2858 1046 2916 resi·

119 2951 197 3007 stcre
216 2945 281 3004 ausi
295 2963 355 3004 non
370 2950 441 3004 sunt
458 2944 548 3022 atque
563 2964 598 3004 ex
622 2946 720 3004 insula
740 2947 959 3024 demigrarunt.
976 2951 1045 3008 Pari

120 3039 261 3099 felicitate
273 3039 599 3114 ceterasinsulas‚qum
612 3039 753 3117 Cyclades
768 3041 974 3113 nominantur,
987 3044 1044 3101 sub

111 3132 351 3203 ,tennensium
365 3133 478 3210 redegit
495 3138 683 3210 potestatem.

159 3212 199 3285 3.
216 3226 336 3285 Eisdem
351 3226 538 3304 temporibus
565 3228 725 3284 Persarum
741 3244 791 3284 rex
806 3228 914 3285 Darius
925 3244 961 3286 ex
970 3228 1037 3286 Asia
1054 3257 1064 3302 l

120 3317 151 3377 in
173 3320 326 3396 Europam
351 3318 485 3378 exercitu
512 3318 634 3396 trajecto
655 3317 774 3396 Scythis
787 3317 902 3376 bellum
931 3317 1041 3380 inferre
1054 3324 1111 3389 5152

105 3411 263 3471 accrevit.
290 3413 419 3470 Pontem
441 3411 511 3470 lecit
536 3409 567 3467 in
592 3411 690 3470 llistro
706 3410 851 3481 flumine,
868 3429 928 3487 qno
943 3413 1041 3489 copias
1111 3431 1114 3440 ·

117 3505 300 3566 traduceret.
314 3505 386 3583 Ejus
397 3504 507 3583 pontis,
521 3503 594 3562 dum
608 3503 669 3581 ipse
681 3504 808 3573 abesset,
823 3504 961 3563 custodes
972 3505 1040 3564 reli-

120 3600 183 3677 quit
198 3596 348 3676 principes
362 3616 437 3674 quos
451 3615 555 3656 seeum
570 3614 605 3655 ex
620 3595 705 3655 Ionia
719 3601 748 3655 et
763 3594 883 3653 Aeolide
899 3594 1037 3661 duxerat,
