2430 4110
410 321 497 371 lll'lll.
518 322 673 380 EUllENES,
690 323 716 370 5.
999 327 1030 374 75

87 441 180 483 snum
200 422 341 493 dederat,
364 422 528 482 Perdiccae
549 423 595 497 (ex
618 441 678 500 qno
701 441 810 483 omnes
832 424 1027 502 conjecerant
1045 435 1061 484 a

77 535 159 583 ¹eum
176 536 311 596 regnum
322 518 351 579 ei
367 519 573 588 commisisse,
591 518 789 596 qnoadliberi
809 519 875 596 ejus
891 519 924 578 in
941 538 1029 578 snam

86 611 218 672 tutelam
231 611 463 691 pervenissent:
481 613 589 673 aberat
602 612 688 673 enim
699 614 840 673 Crateros
855 618 888 672 et
901 613 1030 692 Antipa-

86 711 146 776 ter,
175 705 228 784 qni
251 707 436 767 antecedere
453 707 536 765 hnno
563 705 766 778 videbantur;
795 711 936 766 mortuns
962 713 1030 768 erat

84 798 286 876 Hephaestio,
302 817 392 876 quem
409 818 508 858 nnnm
534 799 719 871 Alexander,
737 799 817 876 qnod
833 801 922 863 facile
938 802 1029 865 intel-

84 893 139 971 ligi
154 898 270 972 posset,
285 894 412 973 plurimi
427 895 564 969 fecerat),
581 895 639 953 hoc
656 900 795 971 tempore
813 893 885 956 data
903 902 950 957 est
967 899 1028 957 En-

82 989 170 1048 meni
195 987 388 1066 Cappadocia
409 988 474 1048 sive
493 988 596 1066 potins
619 988 712 1059 dicta,
732 1007 805 1047 nam
829 994 896 1049 turn
918 991 952 1050 in
975 993 1029 1051 lio-

43 1102 46 1107 ·
83 1081 179 1153 stium
195 1089 263 1142 erat
284 1086 448 1161 potestate.
472 1084 560 1140 llnnc
579 1081 638 1140 sibi
665 1081 828 1141 Perdiccas
845 1083 1029 1161 adjunxerat
1046 1097 1062 1144 5

84 1195 200 1255 magno
220 1178 331 1252 studio,
343 1175 424 1254 qnod
437 1177 469 1235 in
482 1176 706 1235 horninefrdem
721 1181 752 1235 ct
769 1176 954 1238 industriam
965 1199 1029 1239 ma-

82 1289 179 1348 gnam
191 1271 329 1341 videbat,
343 1289 405 1330 non
417 1270 574 1344 dubitans,
590 1269 614 1328 si
629 1288 700 1329 eum
713 1271 900 1348 pellexisset,
917 1291 1029 1350 magno

84 1363 156 1424 usui
178 1363 245 1424 tore
262 1364 321 1424 sibi
344 1364 375 1423 in
398 1363 437 1423 iis
458 1365 552 1424 rebus
569 1382 645 1441 quas
666 1364 847 1441 apparabat.
870 1365 1030 1442 cogitabat

83 1455 273 1534 enim,quod
286 1458 348 1517 lere
362 1475 471 1517 omnes
481 1456 1026 1536 inmagnisimperiisconcnpiscunt,

85 1549 228 1610 omnium
245 1556 348 1628 partes
364 1551 519 1629 corripere
533 1557 626 1627 atquc
642 1551 817 1628 complecti.
834 1553 939 1629 Neque
955 1572 1027 1614 vero
1047 1566 1062 1614 l

83 1645 144 1705 hoe
156 1645 208 1705 ille
216 1645 389 1710 solustacit,
399 1645 553 1706 sedceteri
562 1645 856 1722 qnoqueomnesqni
862 1646 1028 1708 Alexandri

83 1740 210 1798 fuerant
224 1739 326 1798 amici.
345 1739 469 1798 Primus
483 1741 660 1798 Leonnatus
676 1738 889 1798 Macedoniam
905 1759 1028 1817 praeoc-

83 1850 199 1910 cupare
216 1832 396 1892 destinavit.
411 1831 468 1892 Hic
481 1832 589 1891 multis
606 1831 787 1909 magnisque
801 1832 1029 1911 pollicitationi-

82 1925 340 2003 bnspersuadere
349 1924 479 1985 Eumeni
489 1925 609 1985 studuit
624 1929 659 1984 nt
674 1925 855 1985 Perdiccam
871 1927 1025 1988 desereret

82 2044 121 2085 ac
136 2042 243 2084 secum
258 2025 374 2084 faceret
389 2023 580 2097 sociotatem.
595 2023 670 2082 Cum
690 2023 860 2100 perducere
877 2044 950 2085 enm
965 2045 1025 2086 non
1045 2038 1061 2085 5

83 2125 201 2196 posset,
216 2116 530 2177 interficerecouatns
546 2122 609 2188 est;
620 2121 651 2175 et
664 2115 798 2188 fecisset,
808 2116 867 2175 nisi
883 2117 935 2177 ille
947 2118 1027 2178 elain

83 2218 178 2272 noctn
192 2230 230 2270 ex
246 2210 408 2289 praesidiis
424 2212 491 2288 cjns
507 2211 676 2288 allegisset.
1059 2207 1067 2223 ⁸

126 2314 162 2367 8.
179 2305 312 2367 Interim
327 2307 459 2366 conflata
479 2313 554 2366 sunt
573 2306 626 2365 illa
640 2307 723 2368 bella
738 2326 816 2386 qnae
828 2307 870 2367 ad
890 2305 1026 2366 interneu
1046 2305 1072 2356 ¹.

85 2401 207 2462 cionem
225 2406 294 2479 post
312 2401 477 2461 Alexandri
499 2408 631 2461 mortam
648 2407 736 2480 gesta
755 2407 840 2473 sunt,
858 2419 1026 2476 ornnesqne
1050 2412 1105 2470 321

84 2496 312 2554 concurrerunt
330 2493 369 2551 ad
385 2493 566 2553 Perdiccam
584 2494 836 2572 opprimendum.
853 2494 951 2563 Onam
967 2492 1025 2552 etsi

83 2587 249 2649 infirmum
265 2588 402 2659 videbat,
419 2588 501 2666 quod
518 2608 601 2648 nnus
614 2589 759 2649 omnibns
776 2588 920 2648 resistere
937 2606 1025 2664 coge-

84 2684 189 2754 hatnr,
198 2688 302 2743 tamen
317 2682 452 2742 amicum
465 2701 526 2744 non
536 2684 684 2755 desernit,
696 2703 796 2762 neque
811 2684 921 2744 salutis
933 2702 1024 2761 qnam

84 2778 159 2838 fidei
174 2777 235 2837 fnit
246 2777 399 2855 cupidior.
417 2779 613 2838 Praefecerat
628 2778 710 2837 hunc
725 2777 887 2837 Perdiccas
902 2777 930 2837 ei
947 2777 1025 2854 parti
1043 2783 1059 2832 ⁶2

86 2873 176 2935 Asiae
193 2890 272 2950 qnae
288 2872 369 2933 inter
384 2874 521 2932 Taurum
542 2877 679 2930 ruentem
691 2872 776 2947 jacet
790 2875 882 2946 atque
906 2871 1025 2930 Helles-

86 2971 231 3044 pontum,
245 2969 276 3025 et
290 2964 379 3025 illum
392 2985 488 3024 unum
503 2969 688 3042 opposuerat
700 2962 867 3041 lluropaeis
882 2964 1027 3023 adversa·
1041 3018 1045 3025 .

85 3057 1025 3138 riis;ipseAegyptnmoppugnatumadversnmPtolemacum

84 3158 153 3216 erat
174 3153 343 3231 protectus
369 3153 524 3212 Eumenes
551 3170 622 3210 cunr
645 3170 745 3228 nequa
772 3170 901 3229 nnrgnas
923 3152 1059 3230 copias5
1122 3181 1127 3195 ι

88 3265 189 3326 neque
211 3247 319 3306 firmas
346 3247 486 3315 haberet,
513 3246 595 3322 qnod
618 3251 649 3305 et
671 3244 890 3304 inexercitatae
913 3250 944 3304 et
965 3265 1025 3304 non
1117 3317 1120 3326 Ι

87 3345 267 3403 inultoante
280 3346 369 3400 crant
383 3346 572 3411 contractam
588 3341 756 3399 adventare
768 3345 871 3399 antem
888 3339 1027 3399 dicercn-
1119 3398 1121 3403 ,

87 3445 138 3500 tur
157 3437 456 3516 Hellespontumque
479 3437 627 3497 transisse
651 3435 812 3511 Antipater
835 3440 865 3493 et
886 3434 1026 3495 Crateros

87 3552 198 3614 magno
221 3551 291 3592 cum
317 3533 453 3592 exercitu
475 3531 691 3598 Maccddonm,
716 3525 773 3587 riri
798 3546 868 3585 cnm
890 3527 1027 3587 claritate

87 3633 153 3688 tum
168 3625 320 3717 usubelli
338 3631 530 3704 praestantes
550 3623 746 3704 (llaeadttnes
771 3639 843 3680 vero
861 3621 975 3681 milites
992 3641 1027 3681 ca
1050 3648 1060 3695 2

864 3722 882 3777 5
