<?xml version="1.0" encoding="UTF-8"?>
<!DOCTYPE html PUBLIC "-//W3C//DTD XHTML 1.0 Transitional//EN"
    "http://www.w3.org/TR/xhtml1/DTD/xhtml1-transitional.dtd">
<html xmlns="http://www.w3.org/1999/xhtml" xml:lang="en" lang="en">
 <head>
  <title>
</title>
<meta http-equiv="Content-Type" content="text/html;charset=utf-8" />
  <meta name='ocr-system' content='tesseract 3.04.00' />
  <meta name='ocr-capabilities' content='ocr_page ocr_carea ocr_par ocr_line ocrx_word'/>
</head>
<body>
  <div class='ocr_page' id='page_1' title='image "./corneliinepotis00roergoog_0062.png"; bbox 0 0 2430 4110; ppageno 0'>
   <div class='ocr_carea' id='block_1_1' title="bbox 472 341 1083 400">
    <p class='ocr_par' dir='ltr' id='par_1_1' title="bbox 472 341 1083 400">
     <span class='ocr_line' id='line_1_1' title="bbox 472 341 1083 400; baseline 0.002 -2"><span class='ocrx_word' id='word_1_1' title='bbox 472 343 535 399; x_wconf 83' lang='lat' dir='ltr'>xlv.</span> <span class='ocrx_word' id='word_1_2' title='bbox 556 342 713 400; x_wconf 69' lang='lat' dir='ltr'>helenus.</span> <span class='ocrx_word' id='word_1_3' title='bbox 735 346 757 400; x_wconf 88' lang='lat' dir='ltr'>l.</span> <span class='ocrx_word' id='word_1_4' title='bbox 1053 341 1083 399; x_wconf 77' lang='lat' dir='ltr'>tt</span> 
     </span>
    </p>
   </div>
   <div class='ocr_carea' id='block_1_2' title="bbox 138 446 1159 2502">
    <p class='ocr_par' dir='ltr' id='par_1_2' title="bbox 139 446 1159 1566">
     <span class='ocr_line' id='line_1_2' title="bbox 142 446 1084 529; baseline -0.001 -18"><span class='ocrx_word' id='word_1_5' title='bbox 142 468 242 529; x_wconf 87' lang='lat' dir='ltr'>raque</span> <span class='ocrx_word' id='word_1_6' title='bbox 256 446 413 529; x_wconf 88' lang='lat' dir='ltr'>possimus</span> <span class='ocrx_word' id='word_1_7' title='bbox 434 449 574 528; x_wconf 86' lang='lat' dir='ltr'>prolerre</span> <span class='ocrx_word' id='word_1_8' title='bbox 599 448 788 521; x_wconf 87' lang='lat' dir='ltr'>testimonia,</span> <span class='ocrx_word' id='word_1_9' title='bbox 807 466 868 509; x_wconf 94' lang='lat' dir='ltr'>uno</span> <span class='ocrx_word' id='word_1_10' title='bbox 884 447 1000 510; x_wconf 90' lang='lat' dir='ltr'>erimus</span> <span class='ocrx_word' id='word_1_11' title='bbox 1014 465 1084 510; x_wconf 83' lang='lat' dir='ltr'>con-</span> 
     </span>
     <span class='ocr_line' id='line_1_3' title="bbox 143 541 1085 622; baseline -0.002 -18"><span class='ocrx_word' id='word_1_12' title='bbox 143 543 235 617; x_wconf 85' lang='lat' dir='ltr'>tenti,</span> <span class='ocrx_word' id='word_1_13' title='bbox 253 543 335 622; x_wconf 89' lang='lat' dir='ltr'>quod</span> <span class='ocrx_word' id='word_1_14' title='bbox 352 561 390 604; x_wconf 79' lang='lat' dir='ltr'>ex</span> <span class='ocrx_word' id='word_1_15' title='bbox 405 559 441 602; x_wconf 91' lang='lat' dir='ltr'>eo</span> <span class='ocrx_word' id='word_1_16' title='bbox 458 542 545 602; x_wconf 80' lang='lat' dir='ltr'>facilc</span> <span class='ocrx_word' id='word_1_17' title='bbox 558 542 668 620; x_wconf 84' lang='lat' dir='ltr'>conjici</span> <span class='ocrx_word' id='word_1_18' title='bbox 686 541 801 621; x_wconf 88' lang='lat' dir='ltr'>poterit</span> <span class='ocrx_word' id='word_1_19' title='bbox 813 561 905 620; x_wconf 90' lang='lat' dir='ltr'>quam</span> <span class='ocrx_word' id='word_1_20' title='bbox 918 561 1006 604; x_wconf 88' lang='lat' dir='ltr'>carus</span> <span class='ocrx_word' id='word_1_21' title='bbox 1020 543 1085 604; x_wconf 88' lang='lat' dir='ltr'>suis</span> 
     </span>
     <span class='ocr_line' id='line_1_4' title="bbox 142 631 1159 716; baseline -0.007 -20"><span class='ocrx_word' id='word_1_22' title='bbox 142 636 248 716; x_wconf 86' lang='lat' dir='ltr'>luerit.</span> <span class='ocrx_word' id='word_1_23' title='bbox 278 637 355 698; x_wconf 92' lang='lat' dir='ltr'>Cum</span> <span class='ocrx_word' id='word_1_24' title='bbox 382 636 514 696; x_wconf 83' lang='lat' dir='ltr'><strong>Athenis</strong></span> <span class='ocrx_word' id='word_1_25' title='bbox 539 635 789 696; x_wconf 88' lang='lat' dir='ltr'>adolescentulus</span> <span class='ocrx_word' id='word_1_26' title='bbox 809 636 933 697; x_wconf 85' lang='lat' dir='ltr'>causam</span> <span class='ocrx_word' id='word_1_27' title='bbox 959 631 1159 710; x_wconf 61' lang='lat' dir='ltr'>dicerent-na</span> 
     </span>
     <span class='ocr_line' id='line_1_5' title="bbox 142 729 1086 810; baseline 0 -20"><span class='ocrx_word' id='word_1_28' title='bbox 142 749 207 791; x_wconf 91' lang='lat' dir='ltr'>non</span> <span class='ocrx_word' id='word_1_29' title='bbox 224 731 326 792; x_wconf 88' lang='lat' dir='ltr'>solum</span> <span class='ocrx_word' id='word_1_30' title='bbox 343 729 433 791; x_wconf 90' lang='lat' dir='ltr'>amici</span> <span class='ocrx_word' id='word_1_31' title='bbox 447 730 621 810; x_wconf 84' lang='lat' dir='ltr'>privatique</span> <span class='ocrx_word' id='word_1_32' title='bbox 632 729 821 808; x_wconf 88' lang='lat' dir='ltr'>hospitesad</span> <span class='ocrx_word' id='word_1_33' title='bbox 834 749 904 790; x_wconf 90' lang='lat' dir='ltr'>eum</span> <span class='ocrx_word' id='word_1_34' title='bbox 917 729 1086 791; x_wconf 85' lang='lat' dir='ltr'>defenden-</span> 
     </span>
     <span class='ocr_line' id='line_1_6' title="bbox 142 822 1085 902; baseline -0.001 -18"><span class='ocrx_word' id='word_1_35' title='bbox 142 824 221 884; x_wconf 90' lang='lat' dir='ltr'>dum</span> <span class='ocrx_word' id='word_1_36' title='bbox 250 829 475 896; x_wconf 87' lang='lat' dir='ltr'>convenerunt,</span> <span class='ocrx_word' id='word_1_37' title='bbox 497 822 661 883; x_wconf 89' lang='lat' dir='ltr'>sedetiam</span> <span class='ocrx_word' id='word_1_38' title='bbox 686 823 719 881; x_wconf 92' lang='lat' dir='ltr'>in</span> <span class='ocrx_word' id='word_1_39' title='bbox 742 822 786 882; x_wconf 87' lang='lat' dir='ltr'>eis</span> <span class='ocrx_word' id='word_1_40' title='bbox 805 823 906 896; x_wconf 76' lang='lat' dir='ltr'>lason,</span> <span class='ocrx_word' id='word_1_41' title='bbox 933 829 1085 902; x_wconf 88' lang='lat' dir='ltr'>tyrannus</span> 
     </span>
     <span class='ocr_line' id='line_1_7' title="bbox 141 917 1084 996; baseline 0.002 -18"><span class='ocrx_word' id='word_1_42' title='bbox 141 918 336 990; x_wconf 80' lang='lat' dir='ltr'>Thessaliae,</span> <span class='ocrx_word' id='word_1_43' title='bbox 345 918 459 996; x_wconf 92' lang='lat' dir='ltr'>quiillo</span> <span class='ocrx_word' id='word_1_44' title='bbox 472 923 611 996; x_wconf 87' lang='lat' dir='ltr'>tempore</span> <span class='ocrx_word' id='word_1_45' title='bbox 619 917 825 978; x_wconf 88' lang='lat' dir='ltr'>fuitomnium</span> <span class='ocrx_word' id='word_1_46' title='bbox 838 917 1084 996; x_wconf 88' lang='lat' dir='ltr'>potentissimus.</span> 
     </span>
     <span class='ocr_line' id='line_1_8' title="bbox 141 1009 1113 1092; baseline 0 -18"><span class='ocrx_word' id='word_1_47' title='bbox 141 1013 200 1074; x_wconf 89' lang='lat' dir='ltr'>llio</span> <span class='ocrx_word' id='word_1_48' title='bbox 209 1031 281 1074; x_wconf 85' lang='lat' dir='ltr'>curn</span> <span class='ocrx_word' id='word_1_49' title='bbox 294 1012 326 1072; x_wconf 93' lang='lat' dir='ltr'>in</span> <span class='ocrx_word' id='word_1_50' title='bbox 335 1011 434 1092; x_wconf 83' lang='lat' dir='ltr'>patria</span> <span class='ocrx_word' id='word_1_51' title='bbox 445 1010 513 1071; x_wconf 91' lang='lat' dir='ltr'>sine</span> <span class='ocrx_word' id='word_1_52' title='bbox 525 1009 756 1072; x_wconf 87' lang='lat' dir='ltr'>satellitibusse</span> <span class='ocrx_word' id='word_1_53' title='bbox 768 1017 872 1071; x_wconf 87' lang='lat' dir='ltr'>tutum</span> <span class='ocrx_word' id='word_1_54' title='bbox 882 1030 944 1073; x_wconf 90' lang='lat' dir='ltr'>non</span> <span class='ocrx_word' id='word_1_55' title='bbox 955 1011 1113 1074; x_wconf 75' lang='lat' dir='ltr'>arbitra-5</span> 
     </span>
     <span class='ocr_line' id='line_1_9' title="bbox 141 1096 1085 1186; baseline -0.002 -17"><span class='ocrx_word' id='word_1_56' title='bbox 141 1114 240 1179; x_wconf 85' lang='lat' dir='ltr'>retur,</span> <span class='ocrx_word' id='word_1_57' title='bbox 254 1108 392 1168; x_wconf 81' lang='lat' dir='ltr'>Athenas</span> <span class='ocrx_word' id='word_1_58' title='bbox 400 1105 467 1166; x_wconf 90' lang='lat' dir='ltr'>sine</span> <span class='ocrx_word' id='word_1_59' title='bbox 480 1105 543 1166; x_wconf 92' lang='lat' dir='ltr'>ullo</span> <span class='ocrx_word' id='word_1_60' title='bbox 555 1105 709 1184; x_wconf 89' lang='lat' dir='ltr'>pracsidio</span> <span class='ocrx_word' id='word_1_61' title='bbox 719 1096 814 1178; x_wconf 76' lang='lat' dir='ltr'>veuit,</span> <span class='ocrx_word' id='word_1_62' title='bbox 829 1106 968 1185; x_wconf 87' lang='lat' dir='ltr'>tantique</span> <span class='ocrx_word' id='word_1_63' title='bbox 979 1107 1085 1186; x_wconf 88' lang='lat' dir='ltr'>hospi-</span> 
     </span>
     <span class='ocr_line' id='line_1_10' title="bbox 140 1200 1085 1280; baseline -0.001 -16"><span class='ocrx_word' id='word_1_64' title='bbox 140 1208 206 1264; x_wconf 90' lang='lat' dir='ltr'>tem</span> <span class='ocrx_word' id='word_1_65' title='bbox 224 1202 310 1276; x_wconf 84' lang='lat' dir='ltr'>fecit,</span> <span class='ocrx_word' id='word_1_66' title='bbox 329 1207 365 1262; x_wconf 86' lang='lat' dir='ltr'>ut</span> <span class='ocrx_word' id='word_1_67' title='bbox 379 1201 488 1260; x_wconf 89' lang='lat' dir='ltr'>mallet</span> <span class='ocrx_word' id='word_1_68' title='bbox 509 1219 542 1262; x_wconf 91' lang='lat' dir='ltr'>se</span> <span class='ocrx_word' id='word_1_69' title='bbox 567 1200 678 1279; x_wconf 88' lang='lat' dir='ltr'>eapitis</span> <span class='ocrx_word' id='word_1_70' title='bbox 702 1201 877 1280; x_wconf 90' lang='lat' dir='ltr'>periculum</span> <span class='ocrx_word' id='word_1_71' title='bbox 891 1202 977 1263; x_wconf 89' lang='lat' dir='ltr'>adire</span> <span class='ocrx_word' id='word_1_72' title='bbox 992 1220 1085 1280; x_wconf 89' lang='lat' dir='ltr'>quam</span> 
     </span>
     <span class='ocr_line' id='line_1_11' title="bbox 139 1293 1085 1358; baseline -0.002 -2"><span class='ocrx_word' id='word_1_73' title='bbox 139 1297 307 1358; x_wconf 71' lang='lat' dir='ltr'>Timotheo</span> <span class='ocrx_word' id='word_1_74' title='bbox 329 1295 368 1355; x_wconf 89' lang='lat' dir='ltr'>de</span> <span class='ocrx_word' id='word_1_75' title='bbox 390 1296 472 1355; x_wconf 88' lang='lat' dir='ltr'>fama</span> <span class='ocrx_word' id='word_1_76' title='bbox 495 1293 658 1355; x_wconf 83' lang='lat' dir='ltr'>dimicanti</span> <span class='ocrx_word' id='word_1_77' title='bbox 680 1294 800 1355; x_wconf 87' lang='lat' dir='ltr'><strong>deesse.</strong></span> <span class='ocrx_word' id='word_1_78' title='bbox 823 1297 913 1356; x_wconf 89' lang='lat' dir='ltr'>Hunc</span> <span class='ocrx_word' id='word_1_79' title='bbox 934 1294 1085 1356; x_wconf 88' lang='lat' dir='ltr'>adversus</span> 
     </span>
     <span class='ocr_line' id='line_1_12' title="bbox 140 1389 1083 1469; baseline 0 -17"><span class='ocrx_word' id='word_1_80' title='bbox 140 1398 251 1453; x_wconf 88' lang='lat' dir='ltr'>tamen</span> <span class='ocrx_word' id='word_1_81' title='bbox 274 1389 455 1450; x_wconf 75' lang='lat' dir='ltr'>Timotheus</span> <span class='ocrx_word' id='word_1_82' title='bbox 478 1394 585 1468; x_wconf 87' lang='lat' dir='ltr'>postea</span> <span class='ocrx_word' id='word_1_83' title='bbox 607 1390 712 1469; x_wconf 90' lang='lat' dir='ltr'>populi</span> <span class='ocrx_word' id='word_1_84' title='bbox 731 1392 822 1467; x_wconf 90' lang='lat' dir='ltr'>jussu</span> <span class='ocrx_word' id='word_1_85' title='bbox 841 1389 959 1452; x_wconf 91' lang='lat' dir='ltr'>bellum</span> <span class='ocrx_word' id='word_1_86' title='bbox 975 1392 1083 1468; x_wconf 85' lang='lat' dir='ltr'>gessit,</span> 
     </span>
     <span class='ocr_line' id='line_1_13' title="bbox 139 1484 966 1566; baseline 0.004 -20"><span class='ocrx_word' id='word_1_87' title='bbox 139 1486 263 1566; x_wconf 88' lang='lat' dir='ltr'>patriae</span> <span class='ocrx_word' id='word_1_88' title='bbox 279 1484 434 1546; x_wconf 85' lang='lat' dir='ltr'>sanctiora</span> <span class='ocrx_word' id='word_1_89' title='bbox 444 1484 518 1562; x_wconf 85' lang='lat' dir='ltr'>jura</span> <span class='ocrx_word' id='word_1_90' title='bbox 534 1503 625 1562; x_wconf 90' lang='lat' dir='ltr'>quam</span> <span class='ocrx_word' id='word_1_91' title='bbox 643 1486 769 1564; x_wconf 88' lang='lat' dir='ltr'>hospitii</span> <span class='ocrx_word' id='word_1_92' title='bbox 784 1504 851 1547; x_wconf 90' lang='lat' dir='ltr'>esse</span> <span class='ocrx_word' id='word_1_93' title='bbox 866 1486 966 1549; x_wconf 80' lang='lat' dir='ltr'>duxit.</span> 
     </span>
    </p>

    <p class='ocr_par' dir='ltr' id='par_1_3' title="bbox 138 1569 1115 2502">
     <span class='ocr_line' id='line_1_14' title="bbox 181 1569 1112 1656; baseline 0 -18"><span class='ocrx_word' id='word_1_94' title='bbox 181 1581 267 1640; x_wconf 89' lang='lat' dir='ltr'>Haec</span> <span class='ocrx_word' id='word_1_95' title='bbox 278 1583 417 1640; x_wconf 68' lang='lat' dir='ltr'>extrema</span> <span class='ocrx_word' id='word_1_96' title='bbox 428 1578 487 1638; x_wconf 82' lang='lat' dir='ltr'>tuit</span> <span class='ocrx_word' id='word_1_97' title='bbox 499 1583 586 1638; x_wconf 88' lang='lat' dir='ltr'>aetas</span> <span class='ocrx_word' id='word_1_98' title='bbox 598 1577 821 1656; x_wconf 88' lang='lat' dir='ltr'>imperatorum</span> <span class='ocrx_word' id='word_1_99' title='bbox 834 1579 1083 1652; x_wconf 85' lang='lat' dir='ltr'>Atheniensium,</span> <span class='ocrx_word' id='word_1_100' title='bbox 1095 1569 1112 1619; x_wconf 72' lang='lat'><strong>⁴</strong></span> 
     </span>
     <span class='ocr_line' id='line_1_15' title="bbox 138 1672 1085 1753; baseline 0.001 -19"><span class='ocrx_word' id='word_1_101' title='bbox 138 1673 315 1753; x_wconf 81' lang='lat' dir='ltr'>lphicnttis,</span> <span class='ocrx_word' id='word_1_102' title='bbox 330 1673 492 1743; x_wconf 86' lang='lat' dir='ltr'>Chabriae,</span> <span class='ocrx_word' id='word_1_103' title='bbox 506 1672 676 1745; x_wconf 76' lang='lat' dir='ltr'>Timothei3</span> <span class='ocrx_word' id='word_1_104' title='bbox 691 1693 793 1751; x_wconf 87' lang='lat' dir='ltr'>noque</span> <span class='ocrx_word' id='word_1_105' title='bbox 805 1675 1009 1752; x_wconf 87' lang='lat' dir='ltr'>postillarum</span> <span class='ocrx_word' id='word_1_106' title='bbox 1021 1675 1085 1736; x_wconf 92' lang='lat' dir='ltr'>ohi-</span> 
     </span>
     <span class='ocr_line' id='line_1_16' title="bbox 139 1765 1113 1846; baseline 0.004 -18"><span class='ocrx_word' id='word_1_107' title='bbox 139 1774 208 1828; x_wconf 88' lang='lat' dir='ltr'>tum</span> <span class='ocrx_word' id='word_1_108' title='bbox 225 1767 390 1846; x_wconf 89' lang='lat' dir='ltr'>quisquam</span> <span class='ocrx_word' id='word_1_109' title='bbox 418 1765 482 1826; x_wconf 86' lang='lat' dir='ltr'>dux</span> <span class='ocrx_word' id='word_1_110' title='bbox 497 1765 529 1826; x_wconf 91' lang='lat' dir='ltr'>in</span> <span class='ocrx_word' id='word_1_111' title='bbox 546 1765 601 1826; x_wconf 91' lang='lat' dir='ltr'>illa</span> <span class='ocrx_word' id='word_1_112' title='bbox 626 1767 702 1828; x_wconf 89' lang='lat' dir='ltr'>urhe</span> <span class='ocrx_word' id='word_1_113' title='bbox 718 1767 777 1828; x_wconf 89' lang='lat' dir='ltr'>luit</span> <span class='ocrx_word' id='word_1_114' title='bbox 793 1767 906 1845; x_wconf 84' lang='lat' dir='ltr'>dignus</span> <span class='ocrx_word' id='word_1_115' title='bbox 922 1769 1082 1829; x_wconf 88' lang='lat' dir='ltr'>memoria.</span> <span class='ocrx_word' id='word_1_116' title='bbox 1096 1784 1113 1832; x_wconf 82' lang='grc'><strong><em>5</em></strong></span> 
     </span>
     <span class='ocr_line' id='line_1_17' title="bbox 139 1859 1083 1939; baseline -0.003 -16"><span class='ocrx_word' id='word_1_117' title='bbox 139 1862 238 1925; x_wconf 88' lang='lat' dir='ltr'>Venio</span> <span class='ocrx_word' id='word_1_118' title='bbox 253 1881 339 1923; x_wconf 90' lang='lat' dir='ltr'>nunc</span> <span class='ocrx_word' id='word_1_119' title='bbox 361 1861 400 1922; x_wconf 91' lang='lat' dir='ltr'>ad</span> <span class='ocrx_word' id='word_1_120' title='bbox 416 1859 620 1922; x_wconf 80' lang='lat' dir='ltr'>fortissimum</span> <span class='ocrx_word' id='word_1_121' title='bbox 643 1860 744 1921; x_wconf 89' lang='lat' dir='ltr'>virum</span> <span class='ocrx_word' id='word_1_122' title='bbox 762 1861 950 1939; x_wconf 87' lang='lat' dir='ltr'>maximique</span> <span class='ocrx_word' id='word_1_123' title='bbox 965 1862 1083 1922; x_wconf 90' lang='lat' dir='ltr'>consilii</span> 
     </span>
     <span class='ocr_line' id='line_1_18' title="bbox 140 1955 1084 2034; baseline -0.003 -16"><span class='ocrx_word' id='word_1_124' title='bbox 140 1957 284 2018; x_wconf 90' lang='lat' dir='ltr'>omnium</span> <span class='ocrx_word' id='word_1_125' title='bbox 298 1955 516 2027; x_wconf 90' lang='lat' dir='ltr'>harbarorum,</span> <span class='ocrx_word' id='word_1_126' title='bbox 533 1956 669 2034; x_wconf 83' lang='lat' dir='ltr'>exceptis</span> <span class='ocrx_word' id='word_1_127' title='bbox 685 1956 807 2017; x_wconf 92' lang='lat' dir='ltr'>duohus</span> <span class='ocrx_word' id='word_1_128' title='bbox 823 1955 1084 2034; x_wconf 84' lang='lat' dir='ltr'>Carthaginiensi-</span> 
     </span>
     <span class='ocr_line' id='line_1_19' title="bbox 139 2048 1115 2127; baseline -0.005 -12"><span class='ocrx_word' id='word_1_129' title='bbox 139 2054 211 2124; x_wconf 93' lang='lat' dir='ltr'>hus,</span> <span class='ocrx_word' id='word_1_130' title='bbox 230 2049 407 2112; x_wconf 79' lang='lat' dir='ltr'>Hamilcatre</span> <span class='ocrx_word' id='word_1_131' title='bbox 423 2054 453 2110; x_wconf 89' lang='lat' dir='ltr'>et</span> <span class='ocrx_word' id='word_1_132' title='bbox 464 2048 650 2110; x_wconf 74' lang='lat' dir='ltr'>Hannibale.</span> <span class='ocrx_word' id='word_1_133' title='bbox 667 2050 781 2127; x_wconf 90' lang='lat' dir='ltr'>Dequo</span> <span class='ocrx_word' id='word_1_134' title='bbox 795 2048 854 2108; x_wconf 92' lang='lat' dir='ltr'>hoc</span> <span class='ocrx_word' id='word_1_135' title='bbox 867 2048 955 2125; x_wconf 83' lang='lat' dir='ltr'>plura</span> <span class='ocrx_word' id='word_1_136' title='bbox 971 2050 1084 2110; x_wconf 89' lang='lat' dir='ltr'>relere·</span> <span class='ocrx_word' id='word_1_137' title='bbox 1098 2052 1115 2100; x_wconf 84' lang='grc'><strong>6</strong></span> 
     </span>
     <span class='ocr_line' id='line_1_20' title="bbox 140 2143 1083 2223; baseline -0.005 -16"><span class='ocrx_word' id='word_1_138' title='bbox 140 2166 211 2208; x_wconf 89' lang='lat' dir='ltr'>mus</span> <span class='ocrx_word' id='word_1_139' title='bbox 226 2144 309 2223; x_wconf 90' lang='lat' dir='ltr'>quod</span> <span class='ocrx_word' id='word_1_140' title='bbox 325 2150 357 2205; x_wconf 89' lang='lat' dir='ltr'>et</span> <span class='ocrx_word' id='word_1_141' title='bbox 368 2143 544 2206; x_wconf 84' lang='lat' dir='ltr'>obscuriora</span> <span class='ocrx_word' id='word_1_142' title='bbox 557 2148 631 2203; x_wconf 90' lang='lat' dir='ltr'>sunt</span> <span class='ocrx_word' id='word_1_143' title='bbox 646 2143 714 2220; x_wconf 86' lang='lat' dir='ltr'>ejus</span> <span class='ocrx_word' id='word_1_144' title='bbox 727 2147 815 2220; x_wconf 85' lang='lat' dir='ltr'>gesta</span> <span class='ocrx_word' id='word_1_145' title='bbox 827 2143 985 2221; x_wconf 86' lang='lat' dir='ltr'>pleraque,</span> <span class='ocrx_word' id='word_1_146' title='bbox 1002 2150 1033 2204; x_wconf 90' lang='lat' dir='ltr'>et</span> <span class='ocrx_word' id='word_1_147' title='bbox 1047 2162 1083 2203; x_wconf 88' lang='lat' dir='ltr'>ea</span> 
     </span>
     <span class='ocr_line' id='line_1_21' title="bbox 142 2235 1079 2318; baseline -0.003 -19"><span class='ocrx_word' id='word_1_148' title='bbox 142 2257 219 2318; x_wconf 87' lang='lat' dir='ltr'>quae</span> <span class='ocrx_word' id='word_1_149' title='bbox 231 2254 379 2317; x_wconf 87' lang='lat' dir='ltr'>prospere</span> <span class='ocrx_word' id='word_1_150' title='bbox 390 2237 418 2298; x_wconf 93' lang='lat' dir='ltr'>ei</span> <span class='ocrx_word' id='word_1_151' title='bbox 431 2242 594 2297; x_wconf 88' lang='lat' dir='ltr'>cesserunt</span> <span class='ocrx_word' id='word_1_152' title='bbox 605 2254 667 2296; x_wconf 91' lang='lat' dir='ltr'>non</span> <span class='ocrx_word' id='word_1_153' title='bbox 680 2235 898 2313; x_wconf 84' lang='lat' dir='ltr'>magnitudine</span> <span class='ocrx_word' id='word_1_154' title='bbox 910 2237 1079 2315; x_wconf 89' lang='lat' dir='ltr'>copiarum,</span> 
     </span>
     <span class='ocr_line' id='line_1_22' title="bbox 142 2327 1082 2408; baseline -0.002 -16"><span class='ocrx_word' id='word_1_155' title='bbox 142 2332 194 2393; x_wconf 86' lang='lat' dir='ltr'>sed</span> <span class='ocrx_word' id='word_1_156' title='bbox 204 2329 336 2400; x_wconf 83' lang='lat' dir='ltr'>consilii,</span> <span class='ocrx_word' id='word_1_157' title='bbox 352 2347 412 2407; x_wconf 90' lang='lat' dir='ltr'>quo</span> <span class='ocrx_word' id='word_1_158' title='bbox 428 2348 537 2390; x_wconf 90' lang='lat' dir='ltr'>omnes</span> <span class='ocrx_word' id='word_1_159' title='bbox 549 2329 727 2408; x_wconf 88' lang='lat' dir='ltr'>superabat,</span> <span class='ocrx_word' id='word_1_160' title='bbox 742 2327 935 2389; x_wconf 90' lang='lat' dir='ltr'>acciderunt:</span> <span class='ocrx_word' id='word_1_161' title='bbox 951 2348 1082 2407; x_wconf 88' lang='lat' dir='ltr'>quorum</span> 
     </span>
     <span class='ocr_line' id='line_1_23' title="bbox 142 2422 1058 2502; baseline -0.002 -16"><span class='ocrx_word' id='word_1_162' title='bbox 142 2426 198 2487; x_wconf 93' lang='lat' dir='ltr'>nisi</span> <span class='ocrx_word' id='word_1_163' title='bbox 214 2423 292 2485; x_wconf 89' lang='lat' dir='ltr'>ratio</span> <span class='ocrx_word' id='word_1_164' title='bbox 306 2423 457 2502; x_wconf 85' lang='lat' dir='ltr'>explicata</span> <span class='ocrx_word' id='word_1_165' title='bbox 472 2422 577 2496; x_wconf 88' lang='lat' dir='ltr'>luerit,</span> <span class='ocrx_word' id='word_1_166' title='bbox 595 2441 644 2483; x_wconf 90' lang='lat' dir='ltr'>res</span> <span class='ocrx_word' id='word_1_167' title='bbox 661 2441 809 2501; x_wconf 87' lang='lat' dir='ltr'>apparere</span> <span class='ocrx_word' id='word_1_168' title='bbox 826 2438 887 2481; x_wconf 93' lang='lat' dir='ltr'>non</span> <span class='ocrx_word' id='word_1_169' title='bbox 901 2428 1058 2501; x_wconf 85' lang='lat' dir='ltr'>poterunt.</span> 
     </span>
    </p>
   </div>
   <div class='ocr_carea' id='block_1_3' title="bbox 466 2565 765 2627">
    <p class='ocr_par' dir='ltr' id='par_1_4' title="bbox 466 2565 765 2627">
     <span class='ocr_line' id='line_1_24' title="bbox 466 2565 765 2627; baseline 0 -2"><span class='ocrx_word' id='word_1_170' title='bbox 466 2565 547 2627; x_wconf 85' lang='lat' dir='ltr'>XlV.</span> <span class='ocrx_word' id='word_1_171' title='bbox 571 2565 765 2627; x_wconf 76' lang='lat' dir='ltr'><strong>DATAMES.</strong></span> 
     </span>
    </p>
   </div>
   <div class='ocr_carea' id='block_1_4' title="bbox 71 2717 1209 3733">
    <p class='ocr_par' dir='ltr' id='par_1_5' title="bbox 71 2717 1104 2987">
     <span class='ocr_line' id='line_1_25' title="bbox 183 2717 1104 2797; baseline -0.001 -17"><span class='ocrx_word' id='word_1_172' title='bbox 183 2729 214 2782; x_wconf 87' lang='grc'>1.</span> <span class='ocrx_word' id='word_1_173' title='bbox 243 2721 401 2790; x_wconf 71' lang='lat' dir='ltr'>Durnium,</span> <span class='ocrx_word' id='word_1_174' title='bbox 427 2723 515 2797; x_wconf 88' lang='lat' dir='ltr'>patre</span> <span class='ocrx_word' id='word_1_175' title='bbox 537 2717 693 2779; x_wconf 79' lang='lat' dir='ltr'>Camistire</span> <span class='ocrx_word' id='word_1_176' title='bbox 718 2719 843 2780; x_wconf 88' lang='lat' dir='ltr'>natione</span> <span class='ocrx_word' id='word_1_177' title='bbox 872 2718 959 2794; x_wconf 85' lang='lat' dir='ltr'>Care,</span> <span class='ocrx_word' id='word_1_178' title='bbox 982 2725 1104 2783; x_wconf 85' lang='lat' dir='ltr'>matrel</span> 
     </span>
     <span class='ocr_line' id='line_1_26' title="bbox 143 2812 1080 2894; baseline 0 -20"><span class='ocrx_word' id='word_1_179' title='bbox 143 2813 302 2894; x_wconf 87' lang='lat' dir='ltr'>Scythissa</span> <span class='ocrx_word' id='word_1_180' title='bbox 314 2817 418 2884; x_wconf 76' lang='lat' dir='ltr'>natue,</span> <span class='ocrx_word' id='word_1_181' title='bbox 435 2812 572 2890; x_wconf 90' lang='lat' dir='ltr'>primum</span> <span class='ocrx_word' id='word_1_182' title='bbox 585 2812 720 2872; x_wconf 90' lang='lat' dir='ltr'>militum</span> <span class='ocrx_word' id='word_1_183' title='bbox 736 2812 768 2871; x_wconf 91' lang='lat' dir='ltr'>in</span> <span class='ocrx_word' id='word_1_184' title='bbox 784 2831 913 2873; x_wconf 90' lang='lat' dir='ltr'>numero</span> <span class='ocrx_word' id='word_1_185' title='bbox 928 2814 985 2873; x_wconf 84' lang='lat' dir='ltr'>suit</span> <span class='ocrx_word' id='word_1_186' title='bbox 996 2815 1080 2892; x_wconf 89' lang='lat' dir='ltr'>apud</span> 
     </span>
     <span class='ocr_line' id='line_1_27' title="bbox 71 2905 1080 2987; baseline -0.004 -15"><span class='ocrx_word' id='word_1_187' title='bbox 71 2960 77 2973; x_wconf 88' lang='lat'><em>.</em></span> <span class='ocrx_word' id='word_1_188' title='bbox 114 2980 117 2987; x_wconf 25' lang='lat'>¹</span> <span class='ocrx_word' id='word_1_189' title='bbox 142 2911 331 2970; x_wconf 79' lang='lat' dir='ltr'>Artaxerxen</span> <span class='ocrx_word' id='word_1_190' title='bbox 351 2925 460 2968; x_wconf 88' lang='lat' dir='ltr'>eorum</span> <span class='ocrx_word' id='word_1_191' title='bbox 484 2906 536 2984; x_wconf 91' lang='lat' dir='ltr'>qui</span> <span class='ocrx_word' id='word_1_192' title='bbox 558 2907 675 2985; x_wconf 83' lang='lat' dir='ltr'>regiam</span> <span class='ocrx_word' id='word_1_193' title='bbox 699 2905 877 2968; x_wconf 85' lang='lat' dir='ltr'>tuebantur.</span> <span class='ocrx_word' id='word_1_194' title='bbox 901 2909 993 2967; x_wconf 87' lang='lat' dir='ltr'>Pater</span> <span class='ocrx_word' id='word_1_195' title='bbox 1014 2906 1080 2985; x_wconf 88' lang='lat' dir='ltr'>ejus</span> 
     </span>
    </p>

    <p class='ocr_par' dir='ltr' id='par_1_6' title="bbox 103 2999 1209 3733">
     <span class='ocr_line' id='line_1_28' title="bbox 103 2999 1081 3080; baseline -0.001 -16"><span class='ocrx_word' id='word_1_196' title='bbox 103 2999 105 3006; x_wconf 81' lang='grc'><strong>’</strong></span> <span class='ocrx_word' id='word_1_197' title='bbox 142 3004 323 3076; x_wconf 73' lang='grc' dir='ltr'>Οιιιιιίιέιιιιι,</span> <span class='ocrx_word' id='word_1_198' title='bbox 348 3001 429 3080; x_wconf 90' lang='lat' dir='ltr'>quod</span> <span class='ocrx_word' id='word_1_199' title='bbox 453 3007 484 3062; x_wconf 89' lang='lat' dir='ltr'>et</span> <span class='ocrx_word' id='word_1_200' title='bbox 505 3020 600 3062; x_wconf 90' lang='lat' dir='ltr'>manu</span> <span class='ocrx_word' id='word_1_201' title='bbox 622 3001 710 3062; x_wconf 84' lang='lat' dir='ltr'>fortis</span> <span class='ocrx_word' id='word_1_202' title='bbox 732 3007 764 3064; x_wconf 89' lang='lat' dir='ltr'>et</span> <span class='ocrx_word' id='word_1_203' title='bbox 778 3000 861 3063; x_wconf 92' lang='lat' dir='ltr'>bello</span> <span class='ocrx_word' id='word_1_204' title='bbox 883 3007 1028 3063; x_wconf 88' lang='lat' dir='ltr'>strenuus</span> <span class='ocrx_word' id='word_1_205' title='bbox 1049 3009 1081 3065; x_wconf 86' lang='lat' dir='ltr'>et</span> 
     </span>
     <span class='ocr_line' id='line_1_29' title="bbox 141 3094 1080 3176; baseline 0.002 -21"><span class='ocrx_word' id='word_1_206' title='bbox 141 3097 202 3176; x_wconf 84' lang='lat' dir='ltr'>regi</span> <span class='ocrx_word' id='word_1_207' title='bbox 218 3096 325 3173; x_wconf 90' lang='lat' dir='ltr'>multis</span> <span class='ocrx_word' id='word_1_208' title='bbox 340 3094 417 3155; x_wconf 91' lang='lat' dir='ltr'>locis</span> <span class='ocrx_word' id='word_1_209' title='bbox 438 3095 542 3155; x_wconf 89' lang='lat' dir='ltr'>fidelis</span> <span class='ocrx_word' id='word_1_210' title='bbox 565 3101 631 3156; x_wconf 84' lang='lat' dir='ltr'>erat</span> <span class='ocrx_word' id='word_1_211' title='bbox 652 3102 805 3174; x_wconf 84' lang='lat' dir='ltr'>repertus,</span> <span class='ocrx_word' id='word_1_212' title='bbox 829 3095 939 3157; x_wconf 87' lang='lat' dir='ltr'>hahuit</span> <span class='ocrx_word' id='word_1_213' title='bbox 955 3098 1080 3175; x_wconf 85' lang='lat' dir='ltr'>provin·</span> 
     </span>
     <span class='ocr_line' id='line_1_30' title="bbox 140 3186 1080 3267; baseline -0.001 -17"><span class='ocrx_word' id='word_1_214' title='bbox 140 3189 217 3250; x_wconf 89' lang='lat' dir='ltr'>ciam</span> <span class='ocrx_word' id='word_1_215' title='bbox 234 3193 354 3267; x_wconf 87' lang='lat' dir='ltr'>partem</span> <span class='ocrx_word' id='word_1_216' title='bbox 376 3186 500 3248; x_wconf 86' lang='lat' dir='ltr'>Ciliciae</span> <span class='ocrx_word' id='word_1_217' title='bbox 519 3187 609 3265; x_wconf 82' lang='lat' dir='ltr'>juxta</span> <span class='ocrx_word' id='word_1_218' title='bbox 628 3188 863 3267; x_wconf 83' lang='lat' dir='ltr'>Cappadociam,</span> <span class='ocrx_word' id='word_1_219' title='bbox 881 3208 973 3266; x_wconf 90' lang='lat' dir='ltr'>quam</span> <span class='ocrx_word' id='word_1_220' title='bbox 995 3189 1080 3249; x_wconf 90' lang='lat' dir='ltr'>inco·</span> 
     </span>
     <span class='ocr_line' id='line_1_31' title="bbox 140 3280 1109 3360; baseline -0.003 -15"><span class='ocrx_word' id='word_1_221' title='bbox 140 3285 209 3346; x_wconf 89' lang='lat' dir='ltr'>lunt</span> <span class='ocrx_word' id='word_1_222' title='bbox 224 3280 404 3360; x_wconf 86' lang='lat' dir='ltr'>Leucosyri.</span> <span class='ocrx_word' id='word_1_223' title='bbox 417 3282 562 3341; x_wconf 89' lang='lat' dir='ltr'>Datames</span> <span class='ocrx_word' id='word_1_224' title='bbox 576 3280 711 3342; x_wconf 91' lang='lat' dir='ltr'>militare</span> <span class='ocrx_word' id='word_1_225' title='bbox 725 3298 839 3342; x_wconf 91' lang='lat' dir='ltr'>munus</span> <span class='ocrx_word' id='word_1_226' title='bbox 853 3282 999 3360; x_wconf 84' lang='lat' dir='ltr'>fungens,</span> <span class='ocrx_word' id='word_1_227' title='bbox 1016 3281 1109 3360; x_wconf 74' lang='lat' dir='ltr'>pri-2</span> 
     </span>
     <span class='ocr_line' id='line_1_32' title="bbox 140 3374 1160 3454; baseline 0 -20"><span class='ocrx_word' id='word_1_228' title='bbox 140 3392 224 3435; x_wconf 89' lang='lat' dir='ltr'>mum</span> <span class='ocrx_word' id='word_1_229' title='bbox 247 3374 347 3454; x_wconf 90' lang='lat' dir='ltr'>qualis</span> <span class='ocrx_word' id='word_1_230' title='bbox 369 3379 450 3434; x_wconf 86' lang='lat' dir='ltr'>essct</span> <span class='ocrx_word' id='word_1_231' title='bbox 464 3374 589 3452; x_wconf 84' lang='lat' dir='ltr'>aperuit</span> <span class='ocrx_word' id='word_1_232' title='bbox 611 3374 644 3433; x_wconf 90' lang='lat' dir='ltr'>in</span> <span class='ocrx_word' id='word_1_233' title='bbox 660 3375 742 3434; x_wconf 82' lang='lat' dir='ltr'>hello</span> <span class='ocrx_word' id='word_1_234' title='bbox 765 3375 847 3452; x_wconf 88' lang='lat' dir='ltr'>quod</span> <span class='ocrx_word' id='word_1_235' title='bbox 863 3394 917 3435; x_wconf 83' lang='lat' dir='ltr'>rex</span> <span class='ocrx_word' id='word_1_236' title='bbox 931 3376 1160 3446; x_wconf 72' lang='lat' dir='ltr'>adversus382?</span> 
     </span>
     <span class='ocr_line' id='line_1_33' title="bbox 142 3467 1076 3546; baseline 0 -17"><span class='ocrx_word' id='word_1_237' title='bbox 142 3468 287 3529; x_wconf 82' lang='lat' dir='ltr'>Cadusios</span> <span class='ocrx_word' id='word_1_238' title='bbox 308 3467 424 3546; x_wconf 83' lang='lat' dir='ltr'>gessit:</span> <span class='ocrx_word' id='word_1_239' title='bbox 448 3485 586 3544; x_wconf 88' lang='lat' dir='ltr'>namque</span> <span class='ocrx_word' id='word_1_240' title='bbox 609 3467 659 3526; x_wconf 90' lang='lat' dir='ltr'>hio</span> <span class='ocrx_word' id='word_1_241' title='bbox 681 3467 786 3545; x_wconf 87' lang='lat' dir='ltr'>magni</span> <span class='ocrx_word' id='word_1_242' title='bbox 810 3467 869 3527; x_wconf 86' lang='lat' dir='ltr'>luit</span> <span class='ocrx_word' id='word_1_243' title='bbox 890 3467 957 3545; x_wconf 87' lang='lat' dir='ltr'>ejus</span> <span class='ocrx_word' id='word_1_244' title='bbox 973 3485 1076 3546; x_wconf 89' lang='lat' dir='ltr'>opera.</span> 
     </span>
     <span class='ocr_line' id='line_1_34' title="bbox 142 3558 1209 3637; baseline 0.003 -17"><span class='ocrx_word' id='word_1_245' title='bbox 142 3560 204 3630; x_wconf 80' lang='lat' dir='ltr'>Ouo</span> <span class='ocrx_word' id='word_1_246' title='bbox 219 3563 336 3622; x_wconf 89' lang='lat' dir='ltr'>lactum</span> <span class='ocrx_word' id='word_1_247' title='bbox 352 3566 411 3625; x_wconf 80' lang='lat' dir='ltr'>est,</span> <span class='ocrx_word' id='word_1_248' title='bbox 428 3578 499 3619; x_wconf 85' lang='lat' dir='ltr'>cum</span> <span class='ocrx_word' id='word_1_249' title='bbox 517 3558 549 3619; x_wconf 91' lang='lat' dir='ltr'>in</span> <span class='ocrx_word' id='word_1_250' title='bbox 565 3577 600 3619; x_wconf 92' lang='lat' dir='ltr'>eo</span> <span class='ocrx_word' id='word_1_251' title='bbox 618 3559 701 3620; x_wconf 93' lang='lat' dir='ltr'>hello</span> <span class='ocrx_word' id='word_1_252' title='bbox 716 3560 880 3622; x_wconf 88' lang='lat' dir='ltr'>cecidisset</span> <span class='ocrx_word' id='word_1_253' title='bbox 894 3561 1076 3637; x_wconf 77' lang='lat' dir='ltr'>Camisdres,</span> <span class='ocrx_word' id='word_1_254' title='bbox 1117 3591 1119 3595; x_wconf 46' lang='lat'><strong><em>⁴</em></strong></span> <span class='ocrx_word' id='word_1_255' title='bbox 1207 3583 1209 3586; x_wconf 66' lang='grc'>’</span> 
     </span>
     <span class='ocr_line' id='line_1_35' title="bbox 141 3652 730 3733; baseline 0.005 -21"><span class='ocrx_word' id='word_1_256' title='bbox 141 3658 172 3714; x_wconf 92' lang='lat' dir='ltr'>ut</span> <span class='ocrx_word' id='word_1_257' title='bbox 182 3661 310 3733; x_wconf 86' lang='lat' dir='ltr'>palerna</span> <span class='ocrx_word' id='word_1_258' title='bbox 325 3652 354 3714; x_wconf 90' lang='lat' dir='ltr'>ei</span> <span class='ocrx_word' id='word_1_259' title='bbox 370 3652 546 3715; x_wconf 70' lang='lat' dir='ltr'>traderetur</span> <span class='ocrx_word' id='word_1_260' title='bbox 558 3652 730 3716; x_wconf 70' lang='lat' dir='ltr'>oronincia.</span> 
     </span>
    </p>
   </div>
   <div class='ocr_carea' id='block_1_5' title="bbox 0 0 1220 4110">
    <p class='ocr_par' dir='ltr' id='par_1_7' title="bbox 0 0 1220 4110">
     <span class='ocr_line' id='line_1_36' title="bbox 0 0 1220 4110; baseline 0 0"><span class='ocrx_word' id='word_1_261' title='bbox 0 0 1220 4110; x_wconf 95' lang='lat' dir='ltr'> </span> 
     </span>
    </p>
   </div>
  </div>
 </body>
</html>
