2430 4110
164 359 167 363 -
213 323 245 380 d!
506 325 557 383 xv.
578 325 810 385 EPAMINONDAS.
828 328 855 384 r.

211 451 333 492 eausam
346 433 380 495 ia
392 451 424 493 se
436 435 651 506 transferrent,
666 453 782 511 suaque
794 453 886 512 opera
898 434 1012 494 factum
1027 435 1152 496 conten·

213 527 323 586 dorent
338 532 371 586 ut
386 528 446 606 legi
460 546 521 586 non
534 527 708 588 obedirent.
725 529 788 597 Qua
800 527 982 588 defensione
997 527 1058 589 illis
1071 528 1153 607 peri-

211 620 280 679 culo
292 617 442 692 liberatis
461 639 551 680 nemo
567 621 812 698 Epaminondam
826 639 1048 699 responsurum
1064 627 1152 700 puta·

182 715 197 766 2
212 713 273 785 hat,
292 713 372 788 quod
383 713 457 790 quid
470 713 587 774 diceret
601 733 662 773 nora
678 714 819 776 haberet.
835 717 874 774 At
888 714 940 774 ille
952 714 984 773 in
997 713 1151 790 judicium

212 805 297 864 venit
311 824 317 864 :
335 804 413 863 nihil
426 822 533 863 eorum
551 805 677 883 negavit
688 825 765 882 clune
778 805 948 867 adversarii
963 805 1087 866 crimini
1100 810 1152 867 da-

212 899 298 970 bant,
316 897 481 974 omniaque
503 916 582 974 quae
604 898 741 977 collegae
757 899 899 960 dixerant
916 899 1074 960 confessus
1091 905 1149 972 est,

212 978 312 1069 neque
328 990 482 1051 recusarit
499 1009 560 1068 quo
573 991 676 1051 minus
695 992 772 1068 legis
787 1010 920 1070 poenam
936 992 1056 1075 subiret
1070 1012 1079 1065 3
1096 993 1152 1053 sed

212 1103 309 1143 unum
332 1082 424 1143 abiis
442 1082 562 1161 petivit,
584 1088 618 1142 ut
633 1082 664 1142 in
684 1083 821 1161 periculo
844 1102 900 1144 suo
918 1084 1148 1146 inscriberent:

183 1177 439 1256 5Epaariaomtas
454 1195 473 1236 a
490 1175 634 1238 Thebanis
649 1184 744 1237 niorto
765 1177 914 1237 multatas
930 1185 983 1253 est,
1006 1178 1088 1258 qaod
1103 1194 1151 1239 eos

153 1319 155 1324 ⁴
212 1277 307 1352 coepit
317 1269 401 1351 apud
415 1269 542 1331 Leuctra
557 1288 703 1348 superare
718 1270 981 1345 Lacedaemonios,
995 1288 1069 1352 qaas
1081 1278 1152 1331 ante

212 1383 243 1425 se
258 1364 473 1442 imperatorem
488 1382 575 1424 necno
590 1367 772 1424 Boeotorum
793 1382 888 1425 aasas
898 1361 1002 1441 sacrat
1013 1365 1152 1444 aspicere

182 1480 199 1527 r
212 1459 243 1519 ia
255 1459 331 1530 acie·
342 1456 550 1537 paodqaeaao
557 1456 676 1534 proelio
688 1475 748 1517 aare
760 1456 859 1517 satam
875 1455 988 1518 Thebas
999 1455 1036 1517 ab
1048 1458 1151 1520 interi·

213 1561 246 1614 ta
257 1553 404 1627 retroarit,
418 1551 566 1613 sedetiam
577 1553 755 1613 universam
766 1552 926 1613 Graeciam
939 1552 971 1612 ia
984 1550 1151 1614 libertatem

207 1647 393 1720 ‚vindicavit
409 1663 500 1727 eoque
514 1663 564 1707 res
583 1652 784 1725 atrocemque
795 1645 957 1726 perdaoeit,
972 1652 1006 1704 at
1022 1642 1153 1707 Thebani

213 1746 356 1825 Spartam
372 1749 591 1822 appropiarent,
606 1743 835 1804 Lacedaemonii
855 1743 931 1803 satis
954 1739 1107 1818 haberent,
1124 1744 1152 1803 si

187 1838 296 1903 arctoi
305 1855 368 1899 esse
377 1842 608 1918 possentaeqae
617 1836 709 1916 prias
721 1835 831 1897 bellare
844 1835 960 1896 destitit
970 1853 1062 1916 quarn
1076 1837 1152 1897 Mes-

213 1944 282 1992 seae
292 1933 434 1993 restituta
447 1929 552 1990 arbem
565 1948 670 1990 eoram
681 1928 836 1990 obsidione
847 1927 969 1989 clausit.
984 1928 1067 1988 llaec
1081 1944 1150 1988 aum

183 2036 186 2040 '
213 2025 369 2098 dixisset.,'
385 2026 466 2085 risus
496 2023 636 2085 omnium
661 2042 733 2083 eum
759 2023 916 2083 hilaritate
942 2028 1065 2082 coortus
1092 2027 1148 2092 est,

213 2140 314 2199 neque
338 2121 501 2197 quisquam
520 2119 617 2196 judex
639 2137 733 2178 ausus
752 2122 799 2178 est
821 2118 859 2178 de
881 2134 917 2176 eo
939 2117 1020 2176 ferre
1043 2115 1151 2175 suffra-

213 2212 310 2291 gium.
329 2214 378 2272 Sia
391 2233 409 2272 a
417 2212 535 2289 judicio
550 2210 660 2289 capitis
676 2211 811 2270 maxima
825 2209 969 2270 discessit
983 2208 1093 2286 gloria.

188 2323 196 2371 t
254 2314 289 2366 9.
306 2306 362 2365 Hic
376 2311 513 2367 extremo
526 2311 666 2384 tempore
682 2304 849 2382 imperator
864 2305 946 2383 apud
959 2303 1150 2364 Mantineam

140 2401 198 2458 362
210 2418 280 2460 eum
295 2400 359 2459 acie
375 2398 528 2459 instructa
539 2397 686 2459 audacius
698 2396 829 2469 instaret
843 2400 958 2465 hostes,
977 2396 1119 2474 cognitus
1134 2415 1151 2455 a

213 2493 477 2565 Lacedaemoniis,
503 2492 583 2570 quod
608 2491 641 2550 in
663 2490 756 2550 unius
778 2490 913 2569 pernicie
936 2489 1003 2566 ejus
1032 2490 1151 2568 patriae

214 2589 305 2647 sitam
318 2588 469 2663 putabant
480 2589 623 2657 salutem,
638 2585 774 2646 universi
788 2586 819 2644 in
832 2603 930 2644 uuum
943 2583 1094 2661 impetum
1108 2587 1122 2644 f
1139 2611 1153 2625 ·

213 2684 332 2749 cerunt,
351 2698 451 2757 neque
473 2679 559 2758 prius
585 2678 804 2738 abscesserunt
819 2696 911 2756 quam
927 2695 1042 2754 magna
1058 2679 1153 2740 caede

214 2775 381 2852 multisque
397 2774 505 2835 occisis
523 2773 690 2834 fortissime
712 2772 816 2850 ipsum
832 2769 1081 2849 Epaminondam
1097 2791 1154 2850 pu-

213 2876 361 2948 gnantem
375 2889 464 2948 sparo
477 2871 600 2930 eminus
615 2863 798 2947 percussum
814 2867 975 2928 concidere
990 2866 1151 2929 viderunt.

188 2963 314 3040 tnujus
337 2981 410 3022 casu
432 2964 626 3041 aliquantum
650 2960 798 3020 retardati
821 2965 894 3018 suut
909 2959 1023 3034 Boeoti,
1051 2979 1154 3038 neque

216 3062 320 3116 truneu
332 3057 416 3132 prius
429 3075 532 3134 pugne
546 3059 742 3115 excesserunt
755 3072 846 3131 quam
858 3056 1068 3132 repugnantes
1081 3073 1155 3132 pro·

184 3149 370 3226 alligarunt.
387 3151 425 3208 At
441 3148 681 3227 Epaminondas
705 3166 776 3206 eum
792 3147 1055 3206 animadverteret
1069 3166 1154 3208 mor·
1192 3168 1194 3173 ·

213 3243 336 3301 tiferum
350 3261 382 3300 se
396 3242 508 3301 vulnus
525 3240 693 3318 accepisse,
710 3239 874 3317 simulque,
889 3238 915 3299 si
927 3239 1056 3310 ferrum,
1071 3241 1155 3319 quod

213 3353 250 3393 ex
267 3334 370 3392 hastili
382 3334 413 3392 in
431 3352 558 3412 corpore
574 3337 784 3401 remanserat,
802 3331 998 3405 extraxisset,
1015 3332 1155 3393 arrianam

215 3427 317 3487 statim
335 3426 533 3497 errrissurum,
552 3443 648 3501 usque
670 3442 705 3483 ee
720 3424 859 3495 retinuit,
878 3424 978 3501 quoad
995 3425 1156 3484 renuntia·

186 3527 280 3588 rturu
303 3524 350 3579 est
371 3519 482 3578 vicisse
505 3521 644 3578 Boeotos,
669 3514 705 3576 Id
729 3522 889 3595 postquam
905 3517 1036 3589 audivit,
1061 3519 1154 3591 Satir,

214 3614 326 3693 inquit,
344 3613 433 3674 vimi:
446 3613 576 3672 iatrictas
592 3611 673 3670 caira
691 3612 816 3671 morior.
830 3612 908 3669 Tum
921 3611 1001 3671 ferro
1017 3609 1156 3671 extracto

214 3709 375 3772 corrfestim
392 3708 584 3770 examinatus
603 3711 663 3768 est.
