2430 4110
374 380 405 432 u.
425 346 670 435 rnenrsrociss.
684 385 708 434 o.
728 387 752 434 r.
1001 381 1028 431 n

137 487 173 544 e.
191 484 321 561 Magnus
331 485 389 544 hoc
401 483 483 546 bollo
494 487 718 547 Themistocles
733 487 802 562 t'ait,
819 504 919 564 neque
932 485 1053 544 minort

94 577 227 655 inpare.
241 579 317 638 Cum
330 580 412 638 enim
425 581 583 641 Phalerico
594 588 683 659 portu
698 600 798 659 neque
810 599 921 658 magno
932 597 1033 657 neque

93 669 178 730 bono
205 670 412 732 Athenienses
439 678 614 745 uterentur,
645 674 738 751 hujus
764 666 891 733 consilio
921 672 1032 749 triplex

93 761 197 822 Piraei
214 768 321 840 portus
337 766 524 826 constitutus
540 773 599 837 est,
618 768 703 844 isque
725 767 889 826 moeuihns
904 767 1033 826 circum·

93 856 199 927 datus,
217 857 361 934 utipsaur
374 860 482 920 urbem
495 860 646 936 dignitato
662 861 886 938 aequiperaret,
902 859 1033 917 utilitate

93 956 270 1027 superaret.
287 949 375 1010 Idem
392 970 495 1012 muros
511 952 746 1012 Atheniensium
764 952 901 1012 restituit
916 949 1057 1028 praeci-t

93 1060 157 1120 puo
173 1061 229 1101 suo
242 1044 390 1120 periculo.
408 1047 547 1123 Namque
569 1046 805 1105 Lacedaemonii
821 1065 945 1106 causam
969 1044 1033 1104 ido-

93 1153 190 1194 neam
201 1135 283 1194 nacti
297 1139 631 1214 propterharharorum
646 1138 853 1207 excursiones
870 1156 929 1214 qua
941 1154 1033 1213 noga-

93 1236 167 1289 rent
182 1235 323 1308 oportere
335 1237 420 1290 extra
433 1232 681 1309 Peloponnesum
695 1232 791 1290 ullam
804 1232 912 1290 urhem
927 1247 1031 1288 muros

94 1323 225 1394 habere,
238 1342 277 1383 ne
288 1330 393 1384 essent
403 1325 470 1385 loca
482 1326 601 1385 munita
614 1345 692 1402 quae
704 1328 810 1386 hostes
823 1325 1030 1403 possiderent,

94 1417 304 1478 Athenienses
327 1420 712 1499 aedificantes-prohibere
736 1426 808 1480 suut
831 1419 944 1480 conati.
968 1423 1057 1478 Heca

93 1510 190 1589 longe
202 1512 262 1571 alio
274 1513 433 1590 spectabat
444 1519 536 1591 atque
548 1515 645 1575 videri
659 1516 815 1574 volebant.
831 1514 1032 1574 Athenienses

94 1604 181 1665 euim
193 1604 471 1681 duabusrictoriiS,
482 1608 673 1668 Marathonia
682 1615 713 1668 et
725 1606 902 1676 Salaminia,
913 1610 1032 1665 tantam

94 1695 229 1775 gloriam
244 1698 325 1775 apud
340 1699 447 1758 omnes
462 1705 569 1777 gentes
585 1706 674 1759 eraut
687 1699 858 1771 consecuti,
872 1704 906 1758 ut
918 1698 1033 1758 intelli-

94 1797 208 1870 gerent
225 1792 462 1853 Lacedaemonii
482 1795 520 1855 de
536 1793 708 1872 principatu
724 1794 783 1852 sihi
798 1811 869 1852 cum
881 1792 918 1851 iis
933 1797 1032 1850 corta-

95 1901 171 1944 men
183 1884 258 1943 lore.
272 1885 371 1954 Ouare
384 1903 435 1945 eos
448 1905 539 1962 quam
554 1885 782 1945 infirmissimos
795 1903 861 1944 esse
873 1885 1029 1943 volebant.
1042 1897 1059 1944 a

95 1977 1035 2054 Postquamautemaudieruntmurosinstrui‚legatosAthe-

96 2087 157 2129 nas
171 2069 445 2146 miserunt‚quiid
457 2071 682 2132 tieriretarent.
695 2071 748 2130 Ilia
759 2070 972 2148 praesentibus
983 2069 1034 2128 de·

97 2161 222 2222 sierunt
232 2179 268 2221 ac
281 2180 314 2221 se
328 2162 367 2222 de
379 2180 415 2222 ea
427 2182 459 2223 re
471 2163 588 2241 legatos
600 2164 638 2222 ad
651 2181 702 2222 eos
715 2164 862 2222 missuros
874 2162 1032 2221 dixerunt.

96 2256 188 2314 Hanc
202 2253 389 2332 legationem
406 2257 543 2335 suscepit
557 2256 778 2316 Themistocles
793 2262 822 2316 et
837 2256 921 2316 solus
934 2256 1057 2333 prim05

96 2347 257 2426 protectus
273 2353 342 2419 est;
360 2347 471 2426 reliqui
484 2349 577 2426 legati
594 2355 627 2408 ut
643 2355 709 2409 tum
726 2348 856 2419 exirent,
874 2367 944 2409 cum
959 2348 1034 2407 satis

96 2439 155 2500 alti
183 2440 266 2499 muri
292 2441 440 2501 exstructi
470 2442 662 2512 viderentur,
699 2441 877 2519 praecepit:
910 2440 1033 2499 interim

96 2551 220 2605 omnes,
246 2534 442 2611 serviatque
468 2535 571 2607 liberi,
598 2553 675 2613 opus
697 2537 834 2594 lacerent
855 2552 956 2611 neque
979 2532 1034 2592 ulli

98 2629 171 2688 loco
185 2633 355 2706 parcerent,
380 2628 445 2688 sive
459 2648 546 2698 sacer
560 2628 623 2688 sive
640 2629 797 2710 profanus,
816 2628 881 2687 sive'
895 2627 1034 2705 privatus

98 2725 185 2780 esset
206 2719 271 2780 sive
295 2719 450 2798 publicus·
475 2726 506 2781 et
538 2721 676 2796 undique
708 2721 798 2797 quod¹
816 2719 962 2778 idoneum
995 2719 1034 2778 ad

94 2811 305 2872 muniendum
321 2819 468 2890 putarent
482 2818 695 2890 congererent.
722 2812 787 2880 Ouo
802 2812 916 2871 lactum
939 2817 985 2870 est
1001 2817 1035 2870 ut

95 2907 336 2989 Atheniensium
350 2908 431 2966 muri
444 2925 481 2967 ex
493 2906 613 2966 sacellis
625 2905 836 2983 sepulcrisque
847 2910 1033 2966 constarent.

125 2997 177 3062 Ἴ.
209 3000 432 3060 Themistocles
457 3005 563 3060 autem
586 3006 620 3060 ut
642 2998 906 3058 lacedaemonem
938 2999 1055 3067 tonitr

95 3093 186 3156 adire
200 3093 239 3152 ad
257 3093 455 3171 magistratus
471 3095 580 3160 noluit,
598 3100 630 3153 et
651 3092 738 3152 dedit
753 3110 875 3169 operam
893 3096 1034 3168 utquam

95 3185 281 3265 longissime
306 3193 430 3264 tempus
455 3187 591 3262 duceret,
623 3204 747 3262 oausam
776 3184 976 3261 interponens
1002 3202 1034 3244 se
1096 3176 1100 3260 ¹3

96 3281 234 3358 collegas
258 3287 447 3358 exspectare.
470 3282 546 3341 Cum
573 3279 807 3339 Lacedaemonii
830 3285 1035 3356 quererentur
1091 3281 1097 3291 ”

96 3395 179 3456 opus
189 3375 288 3436 nihilo
303 3364 407 3436 minus
418 3376 485 3436 fieri
501 3393 634 3452 eumque
650 3375 681 3433 iu
699 3392 734 3434 ea
750 3393 783 3433 re
799 3374 902 3433 conari
915 3373 1033 3442 tallere,

95 3465 1060 3547 interimreliquilegatisuntconsecuti.Aquilruscurrraudis-e

96 3569 146 3625 set
161 3581 225 3623 non
234 3561 540 3638 multnmsuperesse
553 3558 747 3629 munitionis,
757 3559 794 3617 ad
804 3558 935 3634 ophdms
945 3559 1036 3616 Lace-

96 3654 335 3718 daemoniorum
348 3654 488 3726 acressit,
502 3670 598 3731 penes
610 3671 686 3730 quos
695 3669 852 3710 summum
864 3654 930 3708 erat
941 3649 1037 3726 impe·
