2430 4110
215 367 234 418 8
491 365 523 416 ll.
537 362 785 416 ‘ruuulsroutus
801 362 824 416 l.
837 361 863 415 2.

504 547 546 610 11.
563 545 867 611 rnatsssroutas

193 767 202 815 l
259 760 291 811 1.
319 752 553 823 Tusursrbcuus
578 749 681 810 Neocli
704 748 797 818 filius,
817 747 1026 811 Atheniensis.
1052 752 1153 831 Hujus

216 844 289 905 vitia
300 843 438 905 ineuntis
453 841 679 905 adolescentiae
695 840 818 919 magnis
830 842 1082 903 suntemendata
1093 843 1154 904 vir·

215 938 345 1009 tutibus,
362 937 438 997 adeo
454 940 489 995 nt
513 935 706 996 anteferatur
729 934 802 995 hnic
826 953 929 1008 nomo,
953 935 1043 1014 pauci
1063 956 1154 1018 pares

191 1029 441 1109 aputentur.Sed
452 1029 492 1089 ab
502 1027 589 1088 initio
599 1031 647 1088 est
657 1027 938 1088 ordiendus.Pater
947 1029 1014 1108 ejus
1025 1031 1153 1092 Nedcles

124 1124 127 1140 '
214 1143 386 1203 generosus
401 1123 469 1184 fuit.
484 1124 513 1184 Is
527 1141 655 1183 uxorem
668 1121 928 1182 Halicarnassiam
940 1122 1040 1185 civem
1052 1124 1152 1198 duxit,

216 1238 253 1280 ex
268 1238 328 1296 qua
342 1223 434 1278 natus
457 1222 505 1278 est
520 1215 754 1278 Themistocles.
773 1216 830 1287 Qui
850 1234 921 1276 oum
943 1216 1049 1277 minus
1071 1223 1155 1279 esset

216 1311 363 1391 probatus
386 1316 497 1388 parent
484 1311 580 1382 tibus,
598 1309 682 1388 quod
704 1314 736 1370 et
750 1308 880 1370 liberius
903 1309 1027 1370 vivebat
1041 1316 1073 1371 et
1087 1331 1155 1372 rem

120 1433 123 1439 ·
192 1433 207 1464 a
192 1404 401 1472 'tanriliarom
415 1402 605 1481 negligebat,
630 1421 647 1462 a
664 1406 716 1480 pat
717 1420 750 1462 re
703 1401 942 1462 texheredat
929 1406 981 1462 tus
996 1407 1054 1462 est
1072 1403 1154 1475 Quae

216 1495 402 1558 contumelia
416 1513 479 1555 non
491 1495 585 1572 fregit
596 1512 679 1576 eum,
697 1494 752 1559 sed
771 1493 880 1555 erexit.
857 1495 982 1554 tNam
994 1495 1156 1574 oumjudi-

216 1590 357 1650 cassati
332 1608 357 1650 si
359 1608 398 1650 ne
411 1607 534 1649 summa
550 1539 705 1648 indttttt'a
720 1606 783 1648 non
796 1604 886 1664 posse
902 1605 971 1646 eam
983 1587 1153 1666 exstingui,

217 1689 317 1745 totum
329 1703 361 1744 se
374 1683 494 1743 dedidit
506 1701 550 1742 rer
542 1681 719 1791 publicae,
729 1681 868 1787 diligent
862 1701 910 1742 ius
922 1682 1029 1743 amicis
1041 1684 1157 1746 famae·

218 1798 278 1858 que
303 1769 550 1852 servicrrsfflult
551 1796 604 1837 um
620 1776 652 1835 in
663 1748 789 1854 jbdiciis
805 1776 906 1854 privta
908 1776 933 1836 is
956 1778 1152 1852 versabatur,

220 1892 311 1951 saepe
327 1872 359 1933 in
375 1891 432 1933 con
434 1871 552 1932 tionem
574 1797 679 1947 populJi
702 1869 865 1947 prodibo
883 1870 969 1931 nulla
984 1889 1035 1931 res
1057 1872 1157 1951 major

218 1967 284 2027 sine
295 1984 330 2027 eo
340 1966 516 2044 gerebatur.
528 1963 676 2024 Celeriter
687 1982 766 2040 quae
779 1981 854 2042 opus
867 1964 1143 2042 erantrepcriebat
1146 2011 1154 2038 ‚

192 2060 303 2123 ll'acile
330 2060 440 2120 eodem
460 2058 597 2120 oratione
614 2056 795 2134 explicabat.
816 2058 922 2135 Neque
938 2056 1042 2118 minus
1057 2058 1090 2117 in
1105 2078 1157 2120 re-

216 2154 274 2213 bus
289 2152 436 2229 gerendis
453 2155 615 2229 promptus
636 2169 730 2228 quam
745 2149 957 2228 excogitandis
972 2155 1051 2223 orat,
1069 2153 1154 2230 quod

217 2253 249 2309 et
263 2248 302 2308 de
314 2246 517 2317 instantibus,
534 2251 570 2305 ut
583 2245 627 2306 ait
637 2245 846 2324 Thucydtdes,
864 2244 1025 2306 verissime
1036 2245 1156 2324 judica-

217 2341 271 2401 bat
292 2345 324 2401 et
349 2338 515 2401 defuturis
531 2337 728 2399 callidissime
744 2337 936 2417 conjiciebat.
952 2338 1017 2410 Quo
1040 2339 1155 2399 lactum

217 2441 311 2497 estut
325 2435 413 2496 brevi
428 2439 567 2512 tempure
584 2433 803 2495 illustraretur.

193 2563 204 2610 l
258 2536 292 2590 ⁶2.
311 2530 434 2590 Primus
449 2534 554 2590 autem
569 2529 685 2608 gradus
696 2529 754 2590 fuit
766 2532 974 2609 capessendae
990 2529 1035 2592 rei
1051 2531 1155 2610 publi-

216 2640 268 2683 cae
284 2622 365 2683 bello
380 2624 560 2697 Corcyraeo.
578 2623 624 2682 Ad
640 2623 723 2700 quod
738 2625 913 2701 gerendum
928 2627 1052 2702 praetor
1066 2643 1084 2684 a
1098 2641 1154 2703 po-

216 2717 288 2796 pulo
299 2717 396 2777 tactus
407 2734 469 2776 non
481 2715 581 2776 solum
592 2718 747 2795 praesenti
758 2719 850 2792 bello,
863 2720 918 2781 sed
930 2718 1025 2780 etiam
1034 2718 1154 2798 reliquo

191 2799 354 2888 ntempore
380 2808 561 2870 ferociorem
576 2809 713 2871 reddidit
728 2811 895 2873 civitatem.
915 2813 992 2872 Nam
1015 2830 1086 2871 oum
1104 2830 1155 2890 pc·

172 2948 184 2954 -
217 2905 307 2963 onnia
319 2903 440 2981 publica
451 2921 529 2980 quae
542 2921 579 2962 ex
591 2903 724 2964 metallis
737 2904 869 2975 redibat,
883 2904 1046 2982 largitione
1057 2905 1156 2983 magi-

216 3001 369 3056 stratuum
382 2994 549 3073 quotannis
562 2995 715 3068 interiret
727 2996 778 3058 ille
789 2998 943 3076 persuasit
952 2997 1065 3077 populo
1076 3002 1110 3059 ut
1119 3017 1155 3059 ca

190 3088 347 3170 5pecunia
359 3088 465 3149 classis
478 3093 603 3149 centum
616 3089 744 3150 navium
756 3089 983 3151 aedificaretur.
998 3092 1063 3162 Qua
1073 3090 1155 3152 cele-

216 3182 292 3242 riter
307 3181 414 3242 cllccla
430 3178 567 3257 primum
582 3181 767 3260 Corcyraeos
783 3181 885 3260 fregit,
904 3181 1017 3243 deinde
1033 3182 1155 3243 mariti·

215 3295 282 3336 mos
306 3274 477 3352 praedones
493 3275 699 3335 consectando
721 3293 806 3336 mare
822 3279 926 3335 tutum
952 3274 1100 3336 reddidit.
1117 3276 1155 3336 In

215 3387 358 3447 quocum
374 3366 490 3428 divitiis
506 3369 639 3441 ornavit,
658 3374 724 3429 tum
740 3368 834 3429 etiam
852 3369 1057 3447 peritissimos
1079 3367 1154 3430 belli

189 3461 333 3528 ⁴annualis
355 3462 427 3522 fecit
441 3461 656 3523 Athenienses.
671 3462 707 3523 ld
722 3466 856 3541 quantae
871 3462 963 3523 saluti
976 3461 1071 3524 fuerit
1085 3462 1156 3523 uni·

216 3575 322 3618 versae
339 3556 483 3616 Graeciae
499 3555 579 3616 bello
595 3556 755 3635 cognitum
777 3560 825 3617 ost
836 3556 972 3618 Persico.
990 3560 1068 3620 Nam
1084 3576 1156 3618 cum

134 3668 194 3728 480
217 3651 334 3711 Xerxes
346 3649 464 3710 almari
476 3653 508 3712 et
517 3655 600 3713 terra
611 3649 729 3711 bellum
740 3648 905 3714 universae
916 3649 1046 3716 inferret
1057 3653 1155 3714 Euro·
