2430 4110
453 366 483 415 X.
502 367 588 417 utott'.
612 368 637 416 7.
655 367 681 417 8.
998 366 1027 415 ll

95 480 159 529 'sua
171 474 322 549 potestate
343 486 410 530 esse
423 470 512 530 velle.
528 472 613 530 11999
628 470 753 530 1119999
768 468 864 528 199119
882 467 1027 545 obsequio
1043 490 1058 536 5

101 561 336 623 591199911111919
353 562 522 640 opprimere
536 562 666 633 studuit,
682 561 944 639 lteraelidemque,
960 579 1030 620 cum

102 658 269 736 Syracusas
282 658 426 728 venisset,
442 657 693 718 interficiundum
715 657 843 715 curarit.

144 749 180 807 ⁷.
204 750 292 820 Quod
311 751 425 809 lactum
446 750 588 810 omnibus
608 750 775 808 marimum
797 748 936 807 timorem
952 747 1027 825 1919-
1044 763 1054 807 1

102 841 167 912 eit,
189 860 282 902 nemo
298 842 382 901 enim
397 843 447 903 illo
472 842 630 902 interfecto
651 860 682 901 se
702 847 804 901 tutum
819 841 955 919 putabat.
977 843 1031 901 1119

101 938 207 993 autem
228 933 402 994 adversario
423 940 540 994 remoto
560 933 703 993 licentius
723 952 829 993 eornm
852 932 933 992 hona
956 952 1032 1011 quos

102 1029 217 1090 sciebat
230 1028 378 1089 adversus
391 1047 423 1088 se
433 1028 579 1098 sensisse,
600 1027 749 1087 militibus
761 1027 941 1106 dispertivit.
955 1028 1029 1098 Qui·
1043 1031 1058 1075 2

100 1121 162 1180 bus
176 1121 293 1193 divisis,
309 1139 381 1180 cum
405 1120 572 1198 quotidiani
596 1119 720 1179 maximi
745 1120 853 1180 fierent
873 1126 1028 1199 sumptus,

102 1215 242 1276 celeriter
253 1214 382 1293 pecunia
392 1215 494 1275 deesse
509 1215 624 1292 coepit,
645 1232 818 1291 aequeque
835 1233 945 1273 1999115
960 1234 1030 1294 por-

101 1307 214 1386 rigeret
240 1306 421 1384 suppetebat
441 1305 499 1364 nisi
519 1306 551 1363 in
571 1306 740 1365 anticorum
760 1306 971 1384 possessiones.
997 1307 1031 1365 ld

102 1398 254 1479 ejusmodi
268 1403 345 1470 erat,
362 1403 407 1470 ut,
424 1417 495 1458 curn
506 1398 617 1458 milites
628 1398 847 1458 reconciliasset
860 1442 867 1469 ‚
879 1398 1032 1458 amitteret

102 1492 275 1572 optimates.
292 1493 427 1563 Quarum
442 1511 545 1552 rerum
561 1510 634 1551 cura
645 1491 859 1568 frangebatur,
873 1497 902 1551 91
925 1492 1028 1553 111599·
1044 1505 1059 1550 3

101 1593 154 1646 tus
174 1587 254 1646 male
281 1585 425 1645 audiendi
447 1604 509 1645 non
530 1585 631 1643 animo
650 1603 746 1661 aequo
761 1584 876 1643 terebat.
896 1585 932 1645 de
947 1604 978 1644 se
992 1586 1031 1644 911

102 1681 140 1740 115
162 1680 243 1739 19919
267 1677 450 1749 existimari,
481 1695 612 1754 quorum
637 1677 727 1753 paulo
749 1680 819 1734 ante
852 1676 882 1734 in
911 1678 1030 1736 eoelum

27 1764 35 1775 “
101 1775 203 1834 199191
216 1773 314 1833 919195
328 1771 481 1831 laudibus.
505 1770 621 1847 Vulgus
639 1775 760 1835 autem,
782 1768 896 1828 offensa
912 1770 1029 1830 199991

102 1867 237 1927 militum
265 1867 438 1937 voluntate,
459 1864 585 1924 liberius
605 1863 786 1941 loquebatur
806 1868 836 1922 91
863 1869 1041 1942 tyrannum·

102 1977 163 2018 uon
179 1958 341 2019 ferendum
351 1955 518 2016 dictitabat.

145 2052 184 2110 8.
194 2054 276 2111 Haec
287 2050 337 2109 ille
349 2049 472 2108 intuens
483 2067 554 2107 eum
570 2047 829 2125 quemadmodum
848 2048 965 2109 sedaret
977 2069 1029 2110 99-
1046 2064 1052 2105 1

104 2144 215 2215 591191,
239 2149 270 2204 91
285 2161 432 2220 quorsum
451 2141 614 2201 eraderent
632 2141 763 2212 timeret,
780 2140 949 2201 Callicrates
960 2143 1028 2220 qni-

103 2241 183 2311 dam,
196 2239 272 2299 civis
282 2236 485 2308 Atheniensis,
502 2237 553 2315 qui
570 2236 662 2296 simul
676 2254 746 2293 91119
768 2253 803 2294 99
819 2254 855 2294 ex
877 2238 1027 2315 Pelopon-

102 2353 173 2395 neso
186 2334 216 2393 in
228 2333 361 2395 Siciliam
375 2338 510 2404 venerat,
522 2331 786 2393 119199919911111115
798 2335 826 2390 et
838 2332 876 2390 nd
887 2333 1026 2392 lraudem

102 2433 219 2502 999195,
233 2427 298 2487 5199
309 2414 524 2505 ullareligione
536 2445 570 2485 99
584 2424 655 2495 lide,
671 2425 732 2482 adit
745 2412 1004 2486 9111119991991911
1017 2447 1024 2487 2

102 2538 172 2579 eum
194 2519 357 2597 magnoin
379 2518 512 2596 periculo
536 2535 600 2577 esse
616 2521 737 2594 propter
759 2514 956 2575 9119115199919
970 2537 1054 2595 pour

102 2613 164 2690 puli
179 2612 324 2672 etodium
336 2611 481 2682 militum,
494 2611 574 2688 quod
591 2611 674 2669 1111119
689 2607 899 2669 modoeritarc
914 2620 1023 2689 posset,

102 2705 158 2765 nisi
172 2704 263 2765 alicui
278 2722 403 2764 snorum
419 2705 574 2782 negotium
590 2704 686 2773 daret,
703 2703 793 2780 quise
810 2703 967 2764 simularet
982 2707 1024 2765 illi

103 2798 260 2858 inimicum
272 2815 279 2868 ;
295 2816 387 2875 quem
401 2797 425 2856 si
438 2797 602 2857 invenisset
618 2797 773 2864 idoneum,
787 2796 872 2855 199119
885 2798 1023 2858 99191991

102 2894 216 2953 9919195
235 2891 428 2971 cogniturum
447 2891 692 2967 adversariosque
714 2890 1023 2970 sublatarun1‚quotl

102 2985 214 3044 inimici
242 2984 308 3062 ejus
334 2983 490 3044 dissidenti
531 3003 601 3043 51195
626 3001 732 3042 599595
752 2983 886 3060 aperturi
912 2986 1021 3047 191991.

102 3078 162 3137 Tali
174 3075 297 3138 99951119
312 3076 435 3153 probato
446 3077 561 3154 excepit
575 3078 629 3136 has
647 3082 746 3154 partes
762 3075 823 3154 ipse
838 3077 1018 3152 Calantica,
1035 3091 1050 3136 5

101 3176 180 3230 etse
200 3173 296 3228 armat
319 3169 523 3246 imprudentia
546 3169 666 3237 Dinnis;
687 3169 725 3228 ad
744 3187 815 3227 euru
832 3167 1022 3228 interficiun-

101 3260 171 3323 dum
187 3264 281 3324 599195
292 3262 454 3340 conquirit,
471 3263 734 3337 91119159119591115
749 3261 900 3332 99919911,
915 3265 1021 3342 conju-

101 3357 212 3417 ratione
224 3355 393 3416 coufirmat.
413 3359 469 3415 ltes
483 3357 587 3414 multis
603 3356 728 3414 consciis
744 3374 821 3432 quae
843 3363 1016 3433 gereretur,
1034 3387 1048 3431 4

100 3450 174 3509 elata
193 3451 328 3509 defertur
341 3449 377 3508 ad
398 3448 642 3517 Aristomachen,
659 3466 792 3508 sorerem
808 3448 927 3517 Dionis,
945 3470 1018 3508 uxo-
1035 3472 1039 3478 ·

100 3559 221 3619 remque
246 3546 368 3601 Aratea.
396 3542 468 3600 11199
499 3541 604 3600 1119919
629 3541 804 3618 perterritae
833 3542 1019 3601 conveniunt

100 3638 183 3712 cuins
201 3635 238 3694 de
258 3635 391 3712 periculo
406 3635 563 3694 timebant.
591 3637 626 3693 dt
652 3633 699 3692 ille
720 3640 808 3710 negat
828 3652 844 3690 9
864 3633 1018 3693 Callicrate
