2430 4110
130 380 133 387 ·
211 357 245 410 ll
532 368 575 418 XI.
594 368 790 421 lPillCllA'lES.
809 374 833 422 5.

213 474 347 547 induxit,
363 481 409 551 ut,
428 494 498 536 cum
518 476 625 555 proelii
642 477 765 554 sIgnum
792 478 831 536 ah
851 478 1037 555 imperatore
1065 483 1156 543 esset.

213 569 332 642 datum,
349 570 417 632 siue
434 571 521 631 ducis
536 589 629 651 opera
645 571 689 632 sic
703 572 862 632 ordinatae
879 577 1095 646 consisterent,
1114 576 1148 631 ut

212 662 327 740 singuli
342 665 381 726 ah
397 665 585 744 peritissimo
600 665 786 743 imperatore
799 667 939 745 dispositi
952 666 1144 727 viderentur.

178 759 194 807 3
211 760 275 818 Hoc
289 759 426 820 exercitu
438 777 557 820 moram
564 760 877 820 Lacedaemoniorum
891 761 1056 833 interfecit,
1066 764 1147 838 quod

141 847 201 906 390
213 852 795 916 maximetotacelehmtumestGraecia
803 900 809 913 .
817 855 935 914 Iterum
945 855 1055 915 eodem
1065 855 1147 916 hello

211 965 320 1008 omnes
332 948 435 1026 copias
451 966 558 1009 eorum
574 949 703 1028 fugavit,
722 968 782 1027 quo
799 951 878 1010 facto
891 969 1035 1030 magnam
1053 953 1147 1031 adep-

178 1051 195 1098 4
211 1048 261 1103 tus
276 1048 324 1104 est
336 1043 477 1121 gloriam.
493 1045 567 1105 Cum
584 1046 767 1104 Artaxerxes
783 1045 934 1123 Aegyptio
950 1045 1014 1122 regi
1028 1045 1145 1105 hellam

141 1139 198 1196 377
210 1139 324 1199 inferre
339 1139 448 1210 voluit,
462 1138 639 1216 Iphicrtten
655 1139 694 1199 ab
709 1138 951 1199 Atheniensibus
966 1139 1076 1199 ducem
1094 1158 1147 1218 pe·

211 1234 291 1310 tivit,
305 1251 396 1315 quem
409 1235 589 1312 praeficeret
604 1233 750 1295 exercitui
764 1233 969 1306 conducticia,
983 1234 1072 1312 cujus
1087 1254 1146 1294 nu-

210 1346 315 1388 merus
331 1327 496 1387 duodecim
511 1326 631 1386 milium
652 1327 719 1386 luit.
738 1328 835 1398 Quem
852 1327 978 1405 quidem
1001 1328 1046 1388 sic
1062 1327 1145 1387 ouini

210 1419 374 1499 disciplina
400 1420 526 1480 militari
543 1419 687 1492 erudivit,
705 1425 752 1492 ut,
770 1421 1033 1498 quemadmodum
1049 1438 1146 1499 quon-

177 1516 281 1576 5dam
297 1514 425 1575 Fabiani
447 1515 563 1574 milites
589 1517 715 1586 Romae,
745 1513 788 1574 sio
808 1514 1037 1593 Iphicratenses
1063 1516 1144 1594 apud

210 1611 342 1671 Graecos
357 1611 390 1670 in
407 1629 527 1670 summa
543 1609 635 1668 laude
651 1608 776 1667 luerint.
796 1608 884 1667 Idem
897 1608 1035 1668 subsidio
1052 1610 1145 1669 Lacc-

210 1707 382 1769 daemoniis
394 1707 560 1785 prolectuS‚
568 1704 801 1783 Epaminondae
816 1704 985 1764 retardavit
997 1705 1143 1784 impetus,

138 1799 197 1857 369
210 1808 287 1867 Nam
306 1806 366 1866 nisi
389 1806 455 1884 ejus
477 1805 629 1865 adventus
655 1801 943 1882 appropinquasset,
970 1821 1033 1862 non
1060 1804 1145 1882 prius

210 1901 350 1962 Thebani
365 1902 475 1980 Sparta
499 1897 718 1970 abscessisent,
736 1915 828 1974 quam
852 1903 973 1974 captam
1001 1897 1145 1958 incendio

208 1999 377 2060 delessent.

177 2105 189 2153 l
250 2105 284 2158 3.
298 2095 371 2159 Fuit
384 2100 489 2156 autem
501 2099 532 2154 et
548 2093 652 2154 animo
668 2109 781 2170 magno
796 2097 827 2152 ct
839 2110 965 2170 corpore
981 2092 1145 2172 imperato·

208 2191 314 2269 riaque
330 2191 439 2256 forma,
458 2193 492 2248 ut
507 2188 573 2266 ipso
588 2191 714 2265 aspectu
729 2185 827 2246 cuivis
842 2186 985 2263 injiceret
1010 2188 1144 2250 admira-

176 2293 192 2342 2
208 2287 327 2349 tionem
340 2285 397 2361 sui,
410 2283 464 2344 sed
476 2282 623 2342 inlabere
639 2280 734 2340 nimis
747 2281 896 2341 remissus
909 2300 1081 2361 parumque
1096 2283 1145 2365 paa

209 2382 302 2453 tiens,
319 2384 355 2439 ut
369 2381 586 2454 Theopompus
602 2372 768 2434 memoriae
785 2374 935 2452 prodidit;
955 2377 1055 2437 honus
1072 2399 1144 2443 vcro

210 2475 284 2539 civis
299 2474 422 2551 fideque
438 2488 562 2546 magna.
579 2467 666 2539 Quod
682 2487 753 2529 cum
769 2469 800 2528 in
812 2470 881 2529 aliis
897 2471 991 2532 rebus
1006 2472 1144 2537 declara·

208 2576 262 2644 vit,
273 2578 340 2632 tmn
355 2568 488 2628 maxime
499 2567 531 2624 iu
541 2569 695 2644 Amyntae
702 2566 878 2626 llaccddnis
888 2567 994 2629 liberis
1006 2551 1152 2647 tuendis(

139 2667 198 2727 365
212 2669 349 2742 Namque
365 2661 647 2738 Eurysthe-mater
661 2659 826 2722 Perdiccae
842 2666 874 2721 ct
893 2662 1041 2742 Philippi,
1073 2685 1142 2727 cunr

207 2760 257 2821 his
273 2757 394 2818 duobus
409 2754 513 2833 pueris
530 2757 664 2832 Amynta
680 2759 802 2814 mortuo
820 2755 859 2815 ad
874 2755 1053 2834 Iphicraten
1069 2779 1138 2821 oon-

173 2859 190 2907 3
206 2852 297 2932 tagit,
314 2851 442 2930 ejusque
458 2849 567 2928 opibus
583 2849 710 2910 defensa
726 2854 783 2909 est.
798 2849 881 2910 Vixit
893 2851 933 2910 ad
949 2859 1141 2916 senectutem

206 2947 334 3027 placatis
350 2947 382 3006 in
399 2965 431 3006 se
448 2963 574 3006 suorum
600 2944 713 3004 civium
740 2945 865 3006 animis,
888 2948 1019 3008 Causam
1034 2949 1143 3030 capitis

208 3041 304 3103 semel
320 3039 407 3109 dixit,
426 3038 508 3099 hello
526 3038 642 3110 sociali,
660 3038 752 3098 simul
768 3058 839 3100 cum
855 3042 1027 3115 Timotheo,
1044 3064 1142 3125 eoque

174 3141 191 3188 4
203 3134 321 3214 judicio
349 3138 397 3194 cst
423 3132 595 3192 absolutus.
622 3133 802 3192 Menesthea
828 3133 927 3193 filium
953 3137 1080 3216 reliquit
1107 3157 1143 3200 ex

206 3232 340 3291 Thressa
354 3233 475 3298 natum,
493 3226 557 3288 Coti
573 3225 656 3306 regis
671 3228 746 3287 lilia.
764 3228 794 3288 Is
810 3247 879 3288 cum
896 3231 1144 3311 interrogaretur

206 3331 309 3385 utrum
327 3323 436 3403 pluris,
454 3328 573 3401 patrem
595 3327 781 3396 matremne‚
798 3325 923 3398 faceret,
946 3329 1075 3391 Matrem
1095 3330 1143 3390 in-

206 3419 284 3497 quit.
301 3418 336 3477 Id
353 3436 424 3478 cum
440 3417 585 3476 omnihus
608 3417 723 3476 mirum
737 3417 907 3479 videretur.
924 3419 975 3493 At,
992 3421 1056 3495 ille,
1081 3444 1142 3486 me-

205 3515 275 3587 rito,
292 3510 404 3590 inquit,
431 3510 535 3590 focio:
564 3530 634 3572 nom
657 3519 759 3590 poter,
788 3517 987 3594 quantumin
1012 3534 1044 3576 sc
1069 3518 1141 3599 suit,

207 3607 348 3669 Tirecem
366 3624 413 3666 mc
426 3605 541 3686 poenit,
559 3613 666 3668 contro
680 3625 716 3666 ca
731 3614 828 3668 macter
844 3607 1060 3674 Atheniensem.
