2430 4110
458 371 500 425 lv.
514 372 697 425 causantis.
708 373 735 424 5.
753 372 756 378 '
1029 371 1061 422 t'a'

126 489 187 554 que
204 476 349 556 appetere
361 493 422 538 ras.
438 476 515 536 Nam
528 494 599 536 rum
611 472 758 553 Byzantio
774 463 948 552 capuanam
961 469 1061 550 cepis-

63 576 68 583 “
124 575 172 630 set
186 571 363 648 complures
375 572 541 630 Persarum
556 568 677 628 nobiles
692 572 784 647 atque
799 567 831 626 in
846 567 884 627 iis
894 565 1060 628 nonnullos

122 662 207 741 regis
222 663 424 744 propinquos,
441 664 497 724 bos
513 662 592 723 clam
605 660 697 723 Xerxi
712 659 843 733 remisit,
857 656 1007 720 simulans
1022 675 1060 719 ex

121 755 236 817 vinclis
252 756 383 835 publicis
399 755 555 835 effugisse,
571 760 603 816 et
618 773 689 815 oum
704 754 742 815 iis
758 754 935 832 Gongylum
949 751 1063 814 Eretri-

123 865 242 921 ensem,
257 849 308 928 qui
323 849 443 910 litteras
457 849 523 928 regi
540 848 696 922 redderet,
707 848 738 908 in
751 846 863 926 quibus
878 847 955 908 haec
965 845 1061 906 fuisse

123 944 239 1024 scripta
250 945 447 1025 ThucydIdes
459 943 625 1011 memoriae
636 943 787 1023 prodidit:
800 943 981 1017 Pascentes,
992 940 1084 1002 dalea

121 1036 262 1116 Spartae,
275 1055 349 1120 quos
355 1040 488 1117 Byzanti
498 1028 984 1118 caperatpostpaorapropinquos
994 1042 1061 1097 lacos

123 1131 274 1211 rapuerat,
293 1129 350 1193 tila·
364 1132 486 1202 azenari
499 1132 595 1205 adsit,
610 1149 700 1213 sapae
715 1137 813 1192 tecam
828 1126 977 1209 affinitate
991 1145 1062 1209 cott-

119 1224 214 1306 juapi
228 1225 326 1304 capit.
351 1229 461 1302 Quare,
487 1233 514 1286 st
535 1223 591 1286 tibi
604 1225 736 1301 oidelae,
754 1225 807 1286 des
821 1224 851 1284 ei
862 1223 962 1302 filiam
977 1231 1062 1286 loom

123 1324 262 1395 ereptam.
278 1318 361 1380 Idci
374 1317 497 1397 feceris,
515 1325 543 1379 el
561 1317 703 1397 Spartam
717 1325 746 1379 et
760 1323 889 1379 conam
903 1315 1087 1379 Graeciensi

124 1407 181 1469 sub
192 1416 463 1491 taampotestotem
474 1429 506 1473 se
521 1410 687 1490 adjuvante
699 1419 726 1474 te
736 1410 930 1474 redacturum
940 1409 1064 1490 polliae·

126 1509 190 1565 lar.
206 1504 262 1565 His
275 1506 312 1567 de
323 1502 414 1566 rebus
428 1505 542 1587 siquid
551 1506 620 1585 peri
630 1503 773 1579 solareris,
787 1510 903 1564 carlum
914 1501 1064 1566 bominem

96 1638 100 1643 «
126 1595 167 1657 od
178 1613 245 1658 eam
257 1599 364 1659 mittas
374 1596 452 1677 sare,
467 1617 536 1659 cam
548 1617 606 1678 qao
618 1597 819 1678 colloquatur.
832 1598 897 1656 ilex
908 1600 953 1656 tot
964 1590 1086 1657 homi-⁵

122 1706 200 1748 num
212 1689 382 1752 salutatam
395 1691 454 1751 sibi
468 1691 713 1752 necessariorum
724 1707 911 1768 magnopere
923 1690 1060 1768 gavisus,

124 1783 287 1848 confestim
296 1803 365 1848 cum
377 1786 508 1865 epistola
517 1787 702 1847 Artabazum
711 1785 748 1845 ad
761 1786 944 1845 Pausaniam
953 1783 1060 1858 mittit,

123 1875 156 1936 in
179 1895 240 1956 qua
266 1898 337 1940 eum
353 1881 508 1941 collaudat
523 1885 554 1941 et
569 1879 648 1958 petit
662 1896 702 1938 ne
728 1877 777 1938 cui
792 1876 836 1938 rei
851 1884 959 1956 parcat
973 1877 1012 1938 ad
1027 1895 1064 1939 ea

123 1967 289 2033 efficienda
301 1991 379 2052 quae
395 1973 606 2052 polliceretur:
625 1971 650 2033 si
664 1970 837 2048 perfecerit,
856 1969 971 2031 nullius
988 1970 1063 2032 reia

123 2079 159 2124 se
171 2066 328 2146 repulsam
341 2065 489 2128 laturum.
504 2066 602 2144 Hujus
614 2064 781 2125 Pausanias
791 2064 950 2126 voluntate
961 2064 1087 2144 cogni-6

123 2164 156 2223 ta
172 2165 303 2227 alacrior
316 2160 356 2222 ad
368 2180 432 2223 rem
445 2160 613 2241 gerendam
626 2159 737 2232 factus,
752 2158 785 2230 in
797 2157 1004 2237 suspicionem
1016 2178 1064 2222 ce·

123 2258 201 2321 cidit
216 2256 542 2321 Lacedaemoniorum.
559 2255 624 2326 Quo
646 2253 726 2341 tacto
740 2253 868 2314 domum
884 2261 1061 2331 revocatum

68 2400 72 2415 .
122 2359 288 2415 accusatus
309 2349 421 2430 capitis
436 2347 617 2421 absolvitur,
635 2348 784 2409 multatur
799 2352 903 2408 tamen
919 2350 1061 2427 pecunia,

123 2466 219 2527 quam
234 2447 274 2509 ob
292 2464 417 2508 causam
433 2445 470 2505 ad
488 2445 619 2505 classem
631 2441 778 2503 remissus
792 2459 853 2502 nou
870 2447 927 2504 est.

165 2546 201 2602 3.
217 2542 258 2601 At
273 2538 327 2600 ille
342 2543 413 2617 post
427 2556 488 2599 non
507 2537 606 2597 multo
629 2554 685 2595 sua
700 2540 809 2613 sponte
830 2533 869 2594 ad
891 2534 1085 2600 exercituml

121 2632 228 2704 rediit,
244 2637 276 2696 et
290 2633 332 2692 ibi
348 2650 410 2692 nou
429 2631 541 2692 callida
563 2629 617 2689 sed
640 2627 777 2689 dementi
797 2627 915 2688 ratione
931 2630 1062 2708 cogitata

122 2727 281 2808 patefecit.
298 2727 365 2787 Non
390 2725 474 2786 euim
496 2741 598 2784 naores
622 2721 736 2801 patrios
760 2720 872 2792 solum,
896 2722 950 2784 sed
967 2725 1061 2787 etiam

125 2822 246 2882 cultum
259 2819 468 2896 vestitumque
483 2816 625 2877 mutavit.
640 2817 795 2893 Apparatu
807 2812 891 2890 regio
903 2816 1059 2894 utebatur,
1071 2814 1087 2864 2

123 2918 214 2977 veste
228 2913 362 2984 Medica;
377 2911 525 2973 satellites
539 2909 618 2973 ltlcdi
632 2913 663 2969 et
676 2906 817 2985 Aegyptii
834 2908 1058 2986 sequebantur;

122 3007 310 3088 epulabatur
325 3024 411 3066 more
426 3007 591 3066 Persarum
607 3003 793 3066 luxuriosius
815 3023 907 3085 quam
923 3007 974 3084 qui
990 3007 1061 3070 ade·

116 3103 197 3167 ¹rant
221 3098 339 3179 perpeti
366 3102 504 3177 possent.
529 3096 655 3157 Aditum
678 3098 856 3176 petentibus
876 3117 939 3160 non
954 3097 1085 3174 dabat‚²⁵
1166 3119 1171 3128 ·

122 3194 259 3274 superbe
280 3192 502 3272 respondebat,
528 3191 697 3253 crudeliter
718 3193 903 3271 imperabat.
920 3195 1061 3274 Spartam

121 3288 226 3351 redire
240 3286 377 3364 uolebat,
395 3287 539 3358 Colonas,
564 3286 616 3365 qui
631 3287 716 3347 locus
733 3287 765 3346 in
780 3305 853 3365 agro
868 3287 984 3349 Troade
1001 3293 1059 3361 est,

120 3400 158 3444 se
170 3378 310 3440 coutuler
354 3398 361 3451 ;
375 3377 418 3439 ibi
431 3379 558 3439 consilia
572 3397 641 3438 curn
655 3378 773 3456 patriae
785 3383 851 3440 tum
864 3380 923 3441 sibi
935 3379 1061 3440 inimica

119 3469 304 3552 capiebatl
364 3475 507 3548 ostquam
522 3470 756 3531 Lacedaemonii
772 3471 956 3547 rescierunt,
974 3469 1085 3551 laga-l
1131 3506 1132 3510 =

119 3573 172 3628 tos
190 3583 261 3626 cum
275 3565 361 3625 olava
375 3564 414 3624 ad
430 3582 501 3624 eum
517 3564 679 3637 miserunt,
701 3564 733 3624 in
759 3583 819 3643 qua
834 3582 919 3625 moro
935 3565 1059 3626 illorum

120 3663 191 3722 'erat
202 3656 369 3736 scriptum:
385 3655 579 3725 nisidomum
591 3662 808 3732 reverteretur,
823 3675 856 3718 se
867 3658 975 3736 capitis
988 3675 1061 3734 eum
1080 3731 1081 3735 Ἰ
