2430 4110
344 357 397 414 XV.
416 358 646 412 Eruntnon'ols
664 358 687 410 5.
957 351 990 406 59

55 468 157 547 gebat,
173 467 311 546 quinque
327 466 452 525 talentis
468 465 506 524 ad
525 482 613 524 suem
626 461 771 541 perduxit
784 461 986 521 voluntatem.

55 563 207 642 Micythus
219 559 467 639 Epaminondam
481 558 636 629 convenit,
651 562 682 618 et
697 575 821 616 eausam
837 554 1016 616 advencnsn

55 657 266 718 Diomedontis
281 653 426 715 ostendit.
445 656 484 712 At
499 652 551 712 ille
564 650 758 711 Diomedonti
774 668 876 711 eorem
892 648 987 723 n'itit,

54 751 137 829 inqui
143 757 164 822 t,
182 768 256 829 opus
265 749 397 827 pecunia
412 753 465 807 est.
482 747 562 805 Nom
576 745 605 804 εί
619 762 680 805 reae
693 764 728 805 eo
743 743 808 806 vnlt
823 762 901 824 qnae
918 743 989 802 Tbe-

55 843 140 905 bonic
154 851 226 904 sant
240 842 342 916 utilio,
359 843 461 919 protis
475 837 578 917 facere
592 857 660 898 snm
671 845 820 917 paratum·
830 837 990 899 sinentem

55 938 219 1010 contrnrio,
237 931 399 994 nonhabet
420 932 494 992 ouri
513 939 604 1011 otqne
618 931 739 1010 arpenti
751 931 842 991 cotie:
860 949 990 1010 nnmqne

55 1029 136 1091 orbis
151 1039 306 1090 terrorum
323 1027 448 1088 divitior
462 1027 598 1103 occipere
611 1025 680 1086 nolo
690 1045 770 1105 prae
776 1026 899 1106 petrice
913 1025 991 1086 cari-

56 1130 123 1183 tote.
142 1124 185 1182 Tu
197 1121 275 1201 qnod
287 1119 661 1200 meincoqnilnmtentosti
674 1118 914 1197 tnc'queaeinc'lem
925 1119 1020 1180 eet-⁵

55 1217 186 1279 climenti
197 1235 257 1278 non
268 1216 375 1290 miror,
392 1214 502 1295 tibique
513 1214 654 1293 e'qnoeco,
666 1215 718 1274 aed
733 1215 875 1293 eqredere
883 1233 991 1294 prope-

56 1311 248 1386 recentior
271 1328 462 1388 corrumpor,
487 1327 556 1368 cnm
579 1327 625 1368 me
646 1326 706 1369 non
725 1309 874 1388 potueris,
891 1312 930 1369 Et
944 1318 988 1386 tn,

57 1403 196 1482 llicytle,
212 1411 370 1483 arqentnnc
383 1404 451 1464 linio
465 1402 566 1475 redde,
579 1409 641 1475 ont,
655 1402 718 1463 nisi
728 1402 759 1462 id
771 1401 931 1481 confestim
944 1401 993 1481 so-

57 1500 108 1574 cie,
131 1517 183 1578 epo
205 1505 232 1559 te
254 1499 374 1559 cracem
395 1498 602 1577 inopistrotni.
625 1499 715 1557 Hunc
736 1498 905 1559 Diomedon
921 1509 1022 1559 euml

57 1598 178 1672 rogaret
188 1599 224 1653 ut
236 1597 302 1652 tuto
315 1591 422 1662 exiret,
432 1610 560 1669 suaque,
570 1609 649 1669 quae
661 1593 818 1663 attulerat,
832 1594 940 1656 liceret
952 1597 993 1656 el·

57 1687 145 1758 terre,
160 1686 248 1746 Istud
258 1685 391 1765 quidem,
404 1684 514 1763 inquit,
528 1682 655 1762 sociam,
664 1703 758 1764 neque
772 1692 823 1745 tno
835 1705 929 1747 conso
940 1689 993 1749 sed

58 1799 131 1856 iiico,
144 1799 193 1856 ne,
209 1781 238 1841 ei
254 1779 310 1840 not
319 1780 358 1840 sit
367 1780 497 1858 pecnnia
508 1778 658 1857 adempto,
676 1779 788 1859 aliquis
800 1779 882 1840 dicct
898 1783 930 1843 id
951 1783 992 1844 od

59 1891 101 1936 ine
116 1880 283 1952 cremptnm
295 1873 472 1951 peruenisse
483 1870 564 1951 qnod
578 1872 713 1931 deletum
724 1873 861 1951 occepere
874 1874 992 1935 notatis-

57 1986 127 2029 renc.
142 1969 167 2026 A
182 1985 242 2045 quo
257 1984 328 2025 eum
342 1965 586 2042 quaesissetque
601 1983 634 2024 se
648 1965 759 2024 deduci
774 1967 878 2040 vellet,
895 1972 925 2028 et
940 1969 991 2029 ille
1004 1984 1020 2034 5

58 2065 193 2122 Athenas
206 2059 346 2131 dixisset,
361 2058 548 2137 praesidium
561 2057 659 2130 dedit,
674 2063 709 2118 ut
720 2064 787 2120 tuto
802 2063 989 2137 perveniret.
1029 2060 1032 2065 ’

58 2156 160 2233 Neque
176 2171 250 2213 vero
266 2152 296 2211 id
316 2153 391 2212 sotis
407 2151 524 2216 hahuit,
544 2150 598 2210 sed
614 2150 708 2210 etiem
724 2156 759 2211 ut
772 2152 938 2215 inviolatus
960 2156 992 2215 in
1063 2215 1066 2221 ,

58 2265 167 2307 navem
183 2245 365 2306 escenderet
385 2263 439 2323 per
450 2243 614 2305 Chabrinm
627 2243 862 2319 Atheniensem,
878 2249 917 2308 de
932 2268 992 2327 quo

57 2360 149 2421 supra
159 2340 352 2400 mentionem
363 2337 622 2410 fecimus,effecit.
636 2339 851 2401 Abstinentiae
864 2343 923 2402 erit
934 2346 992 2404 line

56 2436 129 2495 satis
141 2433 367 2494 testimonium.
376 2432 515 2494 Plurima
526 2432 651 2510 quidem
664 2435 801 2510 prolerre
816 2454 990 2512 possumne,
1005 2452 1022 2500 o

56 2528 109 2587 sed
122 2527 234 2586 modus
245 2526 442 2586 adhibendus
455 2529 513 2597 est,
527 2524 672 2603 quoniam
685 2544 747 2585 uno
763 2527 820 2587 hoo
835 2528 993 2592 volumine

55 2620 150 2680 vitam
174 2617 394 2678 excellentium
417 2618 555 2684 virorum
578 2619 786 2696 complurium
809 2624 993 2687 concludere

55 2711 284 2785 constituimus,
308 2731 441 2790 quorum
462 2712 629 2790 seperatim
651 2714 759 2775 multis
775 2715 901 2778 milibus
923 2739 993 2780 ver·

54 2826 146 2869 suum
161 2805 336 2884 complures
353 2806 519 2885 scriptores
534 2811 606 2865 ante
618 2823 674 2867 nos
690 2807 894 2884 explicarunt.
939 2868 941 2873 .

98 2905 132 2960 ὅ.
142 2899 214 2961 Fuit
223 2899 315 2958 etiarn
329 2900 475 2970 disertus,
489 2905 622 2959 utnemo
631 2898 832 2960 eiTliebanus
845 2920 901 2979 par
912 2911 995 2967 esset
1009 2910 1018 2960 t

53 2991 245 3072 eloquentia,
259 3011 360 3070 neque
371 2991 654 3052 minuseoneinnus
665 2991 697 3051 in
710 2991 995 3077 brevitaterespon·

54 3088 162 3161 dendi,
182 3105 273 3167 quarn
289 3088 320 3146 in
334 3093 483 3166 perpetuo
496 3087 634 3147 oratione
650 3093 787 3148 ornatus.
806 3091 922 3152 Habuit
941 3096 1023 3156 obt

54 3186 253 3243 treotutorem
277 3181 470 3241 Menecliden
486 3181 652 3258 quendam,
670 3181 811 3240 indidem
828 3184 941 3247 Thebis
964 3193 996 3250 et

54 3280 267 3342 adversarium
284 3280 315 3338 in
332 3278 580 3340 administranda
594 3271 775 3357 republica,
792 3282 867 3342 setis
882 3286 995 3347 exerci-

54 3379 154 3434 tatum
177 3372 208 3431 in
226 3372 368 3443 dicendo,
386 3377 421 3432 ut
435 3370 618 3431 Thebanum
636 3371 775 3432 scilieet:
793 3392 927 3453 nemque
948 3357 994 3439 illi

53 3467 141 3546 genti
157 3467 230 3544 plus
252 3466 335 3525 inest
350 3464 464 3524 virium
486 3484 578 3542 quam
602 3464 731 3542 ingenii.
755 3465 784 3526 Is
806 3470 887 3545 quod
909 3471 941 3531 iu
961 3485 1022 3536 ree

53 3559 185 3622 militani
197 3559 307 3619 florere
321 3559 566 3637 Epaminondam
583 3558 720 3631 videbat,
737 3560 854 3622 hortari
877 3566 996 3628 'solebat

52 3655 220 3716 'thebanos
235 3657 270 3712 ut
283 3671 392 3731 pacem
406 3653 489 3714 bello
505 3652 706 3727 anteferrent,
720 3671 760 3714 ne
771 3652 855 3715 illius
866 3648 998 3736 impera·
