2430 4110
194 337 226 388 lid
495 337 570 386 xt’tt.
590 337 775 388 AGESthUS.
796 338 820 388 l.

195 435 376 516 plotissima,
404 457 439 498 eo
461 438 651 516 potissimam
679 441 778 498 hostes
804 439 951 518 impetum
979 443 1120 511 taeturm,
1184 467 1187 472 ·

167 535 182 580 Ξ
199 550 304 591 onmes
318 550 387 590 suas
398 531 498 610 copias
509 530 544 590 eo
555 536 754 590 contraxerat.
769 535 804 591 At
817 533 973 610 Agesilaus
984 532 1014 591 iu
1027 533 1124 611 Phry·

195 624 275 702 giam
289 643 321 684 sc
336 623 502 696 convertit,
519 643 646 702 eamque
660 623 745 702 prius
760 625 960 705 depopulatus
974 630 1018 685 est
1030 642 1123 702 quam

195 717 410 796 Tissaphernes
428 735 558 794 usquam
573 735 605 776 se
624 723 771 777 moveret.
789 719 898 797 Magna
913 718 1024 796 praeda
1043 717 1123 776 mili·

197 809 277 870 tihus
295 809 484 889 locupletatis
506 811 659 887 Ephesum
683 810 853 871 hiematum
881 810 1050 871 exereitum
1076 829 1123 870 re-

195 903 299 974 duxit,
328 907 418 980 atque
442 901 483 960 ibi
505 901 635 961 officinis
656 921 811 962 urniorum
842 903 988 964 institutis
1013 921 1123 981 magna

198 995 347 1056 industria
357 995 472 1054 bellum
487 994 641 1072 apparavit
657 1000 707 1055 :el
718 1015 778 1073 quo
789 996 954 1056 studiosius
968 1015 1122 1056 arnniren·

200 1095 248 1147 tur
264 1087 470 1166 insigniusque
485 1093 674 1161 ornarentur,
681 1090 814 1166 praemia
826 1090 994 1168 proposuit,
1011 1090 1122 1168 quihus

197 1181 383 1240 donarentur
403 1199 533 1257 quorum
550 1180 670 1257 egregia
690 1181 770 1239 inea
787 1200 818 1240 re
837 1182 943 1242 luisset
961 1183 1119 1242 industria.

170 1282 184 1327 3
199 1275 280 1335 Fecit
301 1275 380 1334 idem
401 1274 431 1332 in
444 1272 693 1332 exercitationum
711 1274 886 1350 generibus,
901 1285 933 1332 ut
948 1274 1000 1351 qui
1016 1275 1122 1334 ceteris

153 1398 159 1409 ·
191 1368 409 1446 praestitissent
420 1385 470 1426 eos
484 1365 600 1443 magnis
608 1367 742 1425 alliceret
756 1367 948 1438 muneribus.
967 1368 1019 1426 llis
1031 1367 1122 1445 igilur

190 1464 282 1524 relius
306 1463 405 1523 effecit
429 1468 464 1521 ut.
485 1467 515 1520 et
536 1461 763 1521 celantissimum
786 1467 814 1521 et
835 1462 1119 1522 exercitatissimum

162 1564 179 1608 4Ἰ
191 1557 314 1617 haberet
325 1557 502 1617 exercitum.
512 1555 590 1614 Huic
602 1574 672 1614 eum
687 1561 806 1635 tempus
817 1564 893 1616 esset
910 1557 1010 1616 visum
1023 1557 1121 1635 copias

122 1655 181 1714 395
193 1651 349 1710 extrahere
364 1669 401 1710 ex
412 1648 630 1722 hibernaculis,
644 1649 731 1718 vidit,
748 1650 771 1708 si
784 1669 844 1726 qno
858 1650 939 1708 ‘essct
955 1650 1011 1709 iter
1024 1651 1119 1710 factu·

189 1764 241 1805 rus
256 1745 354 1823 palam
364 1743 598 1823 pronuntiasset,
613 1743 712 1802 hostes
725 1762 786 1803 non
801 1744 967 1803 credituros
985 1744 1119 1822 aliasque

189 1839 326 1917 regiones
361 1837 517 1917 praesidiis
552 1843 766 1915 occupaturos,
797 1857 895 1914 neque
926 1837 1119 1898 duhitaturos

162 1933 272 1992 ttaliud
288 1952 360 1993 oum
381 1934 533 1992 tuohuum
548 1951 582 1991 ac
598 1933 833 2009 pronuntiasset.
856 1933 960 2008 ltaque
977 1951 1046 1990 eam
1071 1933 1118 1992 illc

190 2027 297 2087 Sardes
314 2026 430 2084 itmum
442 2044 472 2084 se
485 2023 622 2095 dixisset,
637 2023 851 2102 Tissaphernes
862 2023 989 2082 eandem
1002 2025 1118 2084 Cariam

189 2122 412 2202 defendendam
425 2118 556 2199 putavit.
576 2120 609 2178 lu
624 2138 766 2197 quocum
788 2137 859 2178 eum
871 2119 973 2200 opinio
995 2121 1117 2182 fefellis-

189 2221 245 2286 set,
261 2216 437 2293 victumque
452 2234 483 2275 se
502 2215 624 2274 vidisset
645 2215 779 2284 consilio,
801 2234 867 2274 sero
889 2215 951 2274 suis
969 2215 1117 2292 praesidia

189 2310 340 2388 protectus
361 2312 416 2368 est.
442 2310 518 2367 Nam
540 2326 609 2366 eum
633 2307 683 2366 illo
705 2307 851 2377 venisset,
873 2307 935 2384 jam
960 2307 1117 2385 Agesilaus

160 2401 294 2462 ssmultis
308 2400 379 2461 locIs
394 2399 573 2479 expugnatis
585 2418 695 2478 magna
708 2407 768 2459 erat
783 2400 893 2477 praeda
904 2401 1029 2477 potitus.
1043 2404 1116 2461 Laco

150 2559 153 2563 ,
187 2501 301 2567 antem,
315 2513 386 2554 cum
394 2495 511 2554 videret
525 2493 624 2553 hostes
635 2493 772 2570 equitatu
784 2512 1114 2572 superare,numq11a1n

188 2589 219 2647 in
233 2607 338 2666 campo
352 2587 399 2646 sui
424 2586 495 2646 fecit
511 2591 700 2664 potestatem,
718 2591 747 2646 et
767 2586 802 2645 iis
818 2586 890 2645 locis
904 2605 1031 2646 manum
1044 2607 1116 2648 con-

186 2682 280 2742 seruit
302 2679 414 2758 quihus
439 2680 508 2758 plus
523 2679 676 2757 pedestres
697 2679 799 2757 copiae
821 2680 968 2739 valerent.
994 2683 1116 2760 Pepulit

187 2792 269 2853 ergo,
284 2773 534 2852 quotiescumque
549 2790 727 2848 congressus
742 2777 797 2842 est,
815 2772 911 2832 mmto
921 2773 1051 2852 majores
1065 2776 1116 2835 ad·

187 2866 389 2928 versariorum
406 2864 524 2944 copiaS,
540 2863 627 2923 elsio
648 2863 680 2923 iu
696 2865 764 2924 Asia
779 2871 914 2925 versatus
933 2871 979 2926 cst
996 2872 1031 2927 ul
1052 2888 1117 2929 om-

186 2963 274 3022 nium
290 2961 431 3039 opinione
443 2960 540 3018 victor
551 2960 727 3019 duceretur.

161 3067 173 3114 t
230 3058 270 3114 1.
289 3054 344 3113 Hic
354 3072 424 3112 cram
433 3053 496 3131 jam
508 3051 609 3111 auimo
623 3052 821 3111 meditaretur
832 3051 979 3130 proficisci
993 3053 1023 3111 in
1040 3054 1115 3116 Per·

115 3150 175 3212 334
187 3168 234 3210 sas
245 3153 275 3209 et
289 3148 389 3226 ipsum
405 3146 637 3225 regemadoriri,
651 3144 813 3204 nuntiusei
826 3146 916 3206 domo
927 3147 1011 3207 vonit.
1022 3151 1116 3228 epho-

186 3240 512 3302 rarnmmissuhcllum
522 3239 720 3299 Athenienses
731 3244 758 3299 et
772 3241 897 3299 Boeotos
904 3239 1046 3302 indixisse
1057 3245 1114 3303 La·

157 3336 405 3406 scedaemoniis;
429 3353 521 3413 quare
545 3333 709 3394 venirene
736 3334 899 3394 dubitaret.
918 3335 952 3393 ln
974 3335 1032 3396 hoc
1052 3357 1113 3399 non

185 3429 288 3488 minus
299 3429 365 3508 ejus
379 3429 473 3507 pietas
491 3427 682 3506 suspicienda
696 3433 740 3487 est
755 3446 846 3504 quam
871 3427 967 3487 virtus
982 3429 1090 3492 bellica
1105 3451 1111 3492 :
1178 3461 1180 3468 ·

185 3522 238 3602 qui
253 3541 324 3582 cunr
338 3522 443 3582 victori
456 3527 605 3601 praeesset
619 3519 775 3592 exercitui,
789 3521 1114 3600 maximamquohabe·

185 3621 231 3677 rel
250 3614 393 3675 fiduciam
413 3613 499 3692 regni
517 3617 677 3674 Persarum
693 3613 850 3692 potiundi,
867 3619 949 3674 tanta
966 3617 1115 3679 modestia
