2430 4110
402 368 466 417 llll'.
491 367 646 416 tratanES.
666 369 688 418 t.
993 368 1023 420 {Ji

94 486 196 540 mam,
213 468 251 528 oh
273 486 401 546 eamque
416 487 481 526 rem
502 486 632 544 magnus
656 474 733 528 esset
756 487 943 541 concursus,
967 471 1023 530 suit

94 581 249 621 nonnemo
279 560 331 638 qni
359 565 534 638 agnosceret
556 561 678 639 'lhuym
702 563 831 639 regique
857 564 1022 623 nuntiaret.

95 656 200 717 Primo
220 673 281 714 non
303 653 485 722 accredidit,
502 653 604 730 itaque
625 655 859 715 Pharnabazum
874 656 955 716 misit
971 672 1052 716 ex-rt

95 751 259 828 ploratum.
276 752 300 808 A
314 767 375 825 quo
388 753 423 807 ut.
441 767 507 808 rem
522 751 813 828 gestamcomperit,
838 753 941 811 statim
971 754 1024 812 ad-

96 845 175 904 mitti
183 843 291 921 jussit,
307 861 491 920 magnopere
510 843 677 903 delectatus
699 863 770 904 cum
790 847 869 906 facto
893 851 960 905 tum
978 867 1025 907 or-

95 943 180 1010 natu,
208 935 240 993 in
259 934 365 1013 primis
384 934 465 1011 quod
487 934 597 994 nobilis
612 954 665 995 rex
684 936 714 994 iu
731 930 909 1014 potestatem
926 938 1023 1016 inopi-

97 1029 179 1091 nanti
196 1033 332 1088 venerat.
354 1029 456 1104 ltaque
475 1028 638 1104 magnifiee
652 1029 799 1089 Datamen
815 1032 961 1090 donatum
985 1032 1021 1090 ad
1037 1037 1052 1084 3

95 1123 265 1182 exercitum
282 1120 376 1191 misit,
389 1120 441 1197 qui
454 1125 522 1179 tum
542 1121 776 1180 contrahebatur
793 1123 869 1183 duce
888 1124 1024 1183 Pharna-

96 1215 170 1275 ln'rzo
187 1220 218 1274 et
235 1214 409 1274 Tithrauste
423 1213 459 1271 ad
472 1213 586 1272 bellum
602 1215 798 1292 Aegyptium,
812 1217 937 1294 parique
953 1237 1023 1277 cum

95 1314 184 1386 atque
204 1308 271 1367 illos
282 1306 408 1384 imperio
427 1324 490 1365 esse
500 1305 601 1382 jussit.
617 1307 722 1365 l'ostea
739 1325 810 1367 rero
821 1327 912 1384 quam
925 1310 1021 1368 Phar-

96 1402 244 1459 nabazum
259 1419 312 1458 rex
326 1397 493 1466 revocavit,
511 1398 553 1455 illi
569 1417 689 1457 summa
704 1398 822 1476 imperii
837 1401 947 1460 tradita
962 1406 1017 1460 est.
1031 1385 1105 1445 375?

135 1499 176 1554 1.
204 1495 259 1554 Hic
284 1513 355 1554 cum
382 1493 513 1551 maximo
535 1493 635 1552 studio
656 1500 839 1570 compararet
855 1495 1046 1554 exercitumr

95 1591 328 1666 Aegyptumque
346 1584 493 1662 proficisci
510 1591 645 1661 pararet,
666 1585 798 1644 sulritoa
815 1604 886 1664 rege
908 1587 1023 1647 litterae

95 1686 164 1740 sunt
180 1679 207 1738 ei
222 1680 342 1748 missae,
356 1682 389 1736 ut
402 1678 505 1754 Aspim
527 1677 760 1754 aggrederetur,
777 1679 829 1755 qui
851 1681 1022 1739 Cataoniam

95 1775 235 1843 tenebat;
262 1790 340 1850 quae
355 1790 429 1848 gens
442 1772 520 1848 jacet
537 1789 628 1847 supra
642 1771 787 1842 Ciliciam,
807 1773 1021 1854 continisCap·

95 1867 246 1944 padociac.
262 1868 399 1941 Namque
414 1864 500 1940 Aspis
525 1864 688 1935 saltuosam
706 1866 861 1942 regionem
876 1868 1050 1926 castellis-‘2

95 1979 152 2037 qne
172 1960 323 2019 munitam
348 1958 499 2026 iaculoue,
516 1976 576 2016 non
600 1959 699 2016 solum
724 1960 849 2037 imperio
869 1961 948 2039 regis
962 1982 1022 2022 non

95 2055 234 2130 parebat,
249 2053 301 2112 scd
316 2051 407 2111 etiam
424 2050 569 2109 finitimas
584 2052 721 2128 regiones
736 2054 881 2125 vexabat,
899 2062 927 2113 et
946 2075 1022 2132 quae

95 2148 155 2224 regi
167 2151 362 2224 portarentur
375 2144 554 2221 abripiebat.
572 2146 723 2215 Datames,
741 2146 795 2204 etsi
811 2147 900 2224 longe
916 2148 1016 2208 aberat
1035 2159 1050 2203 5

95 2238 131 2296 ab
147 2240 195 2297 his
215 2237 392 2315 regionibus
408 2241 436 2294 et
451 2254 467 2292 a
483 2236 597 2312 majore
612 2254 644 2294 re
659 2236 906 2310 abstrahebatur,
920 2245 1020 2301 tamen

95 2332 172 2410 regis
187 2329 336 2390 roluntati
352 2347 468 2387 morem
490 2329 658 2406 gerendum
674 2330 802 2408 putavit.
827 2333 932 2409 ltaque
953 2353 1022 2392 curn

95 2424 197 2502 paucis
219 2424 271 2482 sed
288 2422 361 2481 viris
374 2422 502 2480 t'ortihus
513 2441 622 2481 narrem
634 2424 819 2494 conscendit,
834 2425 1020 2494 existimans,

95 2519 173 2595 quod
188 2517 311 2586 accidit,
333 2514 451 2574 facilius
466 2533 497 2574 se
518 2514 741 2591 imprudentem
759 2535 850 2592 parva
864 2536 957 2576 marm
971 2538 1023 2596 op-

95 2628 270 2688 pressurum
297 2626 389 2686 quam
421 2612 560 2685 paratum
586 2606 726 2684 quanrris
747 2627 856 2685 magno
875 2609 1019 2669 exercitu.

96 2704 155 2762 Hac
171 2702 290 2762 delatus
310 2700 341 2758 in
364 2699 513 2768 Ciliciam,
530 2717 667 2778 egressus
682 2700 763 2770 inde,
780 2700 843 2759 dies
858 2708 1019 2779 noctesque
1034 2726 1049 2770 4

97 2795 152 2856 iter
164 2795 277 2854 sarciens
286 2797 422 2853 Taurum
434 2792 564 2861 transiit,
578 2811 672 2868 eoque
684 2811 744 2868 qno
756 2793 911 2851 studuerat
925 2794 1018 2852 venit.

96 2888 215 2960 Quaerit
233 2886 346 2964 quihus
370 2884 443 2944 locis
467 2884 506 2942 sit
527 2885 632 2960 Aspis;
662 2884 799 2961 cognosci
833 2885 914 2943 haud
933 2885 1021 2963 longe

96 2984 197 3042 abesse
213 2981 442 3059 profectumque
456 2995 527 3036 eum
543 2983 699 3035 renatum.
714 2977 809 3046 Quem
819 2977 893 3036 dum
914 2996 1022 3054 specu-

96 3078 185 3147 latur,
201 3076 351 3135 adventus
370 3074 436 3151 ejus
451 3091 541 3132 causa
566 3073 776 3150 cognoscitur3
812 3072 929 3133 Pisidas
950 3093 1030 3133 cum-

97 3174 137 3234 eis
151 3191 227 3253 quos
242 3186 346 3230 seeum
362 3166 493 3226 habebat
516 3165 553 3223 ad
579 3165 780 3225 resistendum
798 3165 883 3243 Aspis
898 3185 1020 3244 compa-

96 3272 150 3324 rat.
169 3265 204 3325 ld
222 3265 363 3322 Datames
378 3258 431 3316 nbi
455 3257 587 3328 audiuit,
604 3277 688 3316 arma
711 3258 802 3316 sumit
819 3276 825 3327 ;
849 3276 919 3317 suos
934 3261 1017 3336 sequi
1033 3273 1047 3318 ὅ

94 3360 199 3436 juhet3
221 3357 284 3435 ipse
310 3373 388 3432 equo
407 3353 555 3412 concitato
578 3353 614 3411 ad
631 3354 748 3413 hostem
773 3352 904 3412 vehitur.
923 3354 1020 3423 Quem

97 3453 200 3532 procul
223 3449 310 3527 Aspis
328 3446 515 3524 conspiciens
536 3446 575 3504 ad
599 3464 629 3505 se
655 3447 802 3505 ferentem
818 3446 1017 3524 pertimescit,

97 3556 185 3627 atque
200 3565 218 3605 a
232 3548 341 3603 conatu
358 3540 515 3600 resistendi
531 3540 694 3599 deterritus
710 3559 773 3599 sese
788 3540 914 3600 dedidit.
931 3543 1020 3600 Hune

98 3643 235 3706 Datames
246 3637 383 3701 vinetum
390 3635 427 3695 ad
439 3653 540 3720 regem
552 3634 727 3698 ducendum
740 3634 829 3694 trudit
840 3634 1019 3700 Mithridati,
