2430 4110
189 316 220 366 ΤΞ
480 315 565 366 xvtlt.
582 317 735 367 uunuuus.
753 317 774 370 I.
788 315 812 365 Ξ.

184 416 293 494 jacens
306 414 390 475 inter
403 414 544 494 Cyrenas
554 421 586 476 et
600 419 789 495 Aegyptum,
813 416 845 475 in
861 416 1006 476 morbum
1021 414 1126 493 impli-

161 509 268 571 ,7eitus
294 508 437 570 decessit.
468 511 516 571 Ibi
540 529 613 571 eum
634 510 736 582 amici,
765 528 825 589 quo
841 511 983 588 Spartam
1008 508 1126 569 facilius

188 605 326 684 perferre
355 611 494 683 possent,
518 607 602 685 quod
627 607 690 666 mel
718 605 965 666 nonhabebant.
984 623 1055 664 eera
1070 603 1128 662 eir·

188 699 419 773 eumfuderunt,
433 704 526 779 atque
541 700 584 760 ita
594 701 723 761 domum
735 700 920 761 retulerunt.
1029 744 1032 746 -

498 844 611 904 XVIII.
628 845 814 906 Eunones

163 995 175 1044 t
230 989 419 1049 assaumis
432 989 612 1050 Cardianus.
624 991 726 1070 Hujus
738 989 764 1048 si
775 989 883 1049 virtuti
895 979 951 1068 par
962 988 1034 1048 data
1046 992 1129 1048 esset

187 1081 321 1150 fortuna,
336 1098 399 1140 non
414 1079 465 1140 ille
478 1081 605 1159 quidem
617 1083 718 1161 major
729 1088 823 1154 esset,
836 1082 918 1159 quod
932 1099 1063 1159 magnos
1075 1081 1129 1140 ho-

187 1173 409 1234 minesvirtute
419 1175 578 1246 metimur,
585 1193 649 1234 non
662 1175 796 1246 fortuna,
805 1175 859 1236 sed
867 1174 966 1235 multo
977 1172 1129 1234 illustrior
1138 1213 1146 1236 .-

164 1272 280 1346 natque
296 1267 390 1328 eliam
402 1268 591 1329 honoratior.
608 1271 686 1329 Nam
702 1287 772 1328 eum
788 1274 872 1329 aetas
884 1269 952 1347 ejus
967 1264 1128 1326 incidisset

188 1361 221 1421 in
236 1381 272 1422 ea
287 1366 426 1440 tempora
441 1362 554 1439 quibus
570 1361 754 1427 Macedones
770 1363 930 1433 florerent,
947 1361 1084 1422 multum
1099 1360 1132 1420 ei·

187 1455 322 1516 detraxit
336 1455 419 1516 inter
443 1473 496 1516 eos
509 1454 627 1515 viventi
642 1455 725 1534 quod
750 1455 869 1516 alienae
895 1460 963 1516 erat
980 1453 1125 1524 civitatis,

186 1567 288 1626 neque
313 1547 398 1608 aliud
423 1547 496 1607 huie
529 1546 628 1608 defuit
650 1567 744 1627 quam
759 1567 912 1627 generosa
927 1549 1032 1627 stirps.
1061 1547 1127 1609 Etsi

161 1640 237 1707 5ille
253 1641 422 1702 domestico
449 1659 571 1702 summo
593 1660 709 1720 genere
724 1648 802 1715 erat,
821 1648 925 1703 tamen
941 1643 1127 1704 Macedones

188 1759 260 1800 eum
275 1738 335 1799 sibi
350 1737 517 1818 aliquando
532 1738 681 1817 anteponi
695 1738 824 1817 indigne
840 1739 996 1800 ferebant.
1020 1741 1127 1818 Neque

187 1838 292 1892 tamen
306 1851 370 1892 non
397 1831 617 1910 patiebantur:
641 1833 787 1894 vlneebat
801 1833 886 1894 enim
912 1852 1021 1894 omnes
1039 1853 1126 1903 eura,

162 1933 179 1981 l
190 1925 358 2004 vigilantia,
368 1925 704 2004 patientia‚eallidItate
716 1931 748 1988 et
759 1926 915 1988 celeritate
928 1926 1060 2005 ingenii.
1072 1927 1127 1988 Hie

102 2025 167 2090 342
187 2019 1127 2101 peradulescentulusadamicitiamaeeessitPhilippi,Amyn·

187 2121 236 2177 fao
248 2114 316 2191 filii,
329 2114 479 2194 brevique
491 2121 631 2194 tempore
643 2116 676 2176 in
688 2115 831 2176 intimam
842 2115 985 2194 pervenit
998 2116 1129 2176 familia-

188 2211 332 2272 ritatem:
360 2211 500 2289 fulgebat
518 2211 603 2273 enim
618 2211 685 2289 jam
702 2211 734 2271 in
750 2211 981 2273 adolescentulo
1005 2211 1128 2274 indoles

163 2306 322 2367 fivirtutis.
350 2307 458 2385 ltaque
484 2325 557 2366 eum
582 2306 693 2366 habuit
713 2306 752 2365 ad
768 2325 898 2385 manum
913 2294 1031 2368 scribae
1046 2307 1126 2379 loco,

189 2400 272 2479 quod
286 2400 385 2460 multo
397 2398 480 2476 apud
494 2399 602 2478 Grajos
613 2388 870 2459 honorificentius
881 2403 928 2461 est
937 2418 1032 2477 quam
1044 2401 1127 2478 apud

190 2496 354 2554 Romanos.
375 2494 515 2571 Namque
529 2492 613 2570 apud
628 2510 685 2552 nos
700 2510 734 2551 re
748 2511 834 2562 vera,
851 2493 931 2553 sieut
944 2498 1030 2565 sunt,
1047 2512 1129 2555 mer·
1193 2543 1211 2569 ,Γ

190 2588 305 2650 cenarii
320 2588 438 2648 scribae
461 2587 693 2659 existimantur3
710 2592 743 2646 at
756 2588 837 2666 apud
854 2588 921 2649 illos
939 2589 1127 2650 econtrario
1193 2576 1208 2589 ⁰

189 2698 281 2742 nemo
291 2680 330 2740 ad
341 2679 370 2739 id
381 2680 514 2740 officium
528 2680 704 2740 admittitur
714 2679 775 2740 nisi
787 2683 918 2740 honesto
929 2682 1007 2752 loeo,
1022 2686 1054 2741 et
1065 2682 1128 2742 fide

190 2788 222 2838 et
236 2775 389 2837 industria
405 2775 538 2853 cognita,
556 2776 639 2852 quod
653 2793 782 2835 neeesse
805 2779 854 2835 est
868 2774 1009 2834 onmium
1024 2776 1128 2836 eonsi-

163 2870 299 2931 oliorum
315 2889 388 2930 eum
402 2889 470 2931 esse
490 2869 683 2948 participem.
707 2873 798 2930 Hune
819 2869 920 2928 loeunr
938 2869 1038 2928 tenuit
1052 2871 1129 2931 ami-

184 2963 276 3024 citiae
305 2964 388 3042 apud
415 2962 593 3040 Philippum
607 2980 706 3022 annos
729 2967 869 3040 septem;
894 2960 946 3021 illo
963 2961 1127 3024 interfecto

106 3060 166 3124 366
189 3056 299 3116 eodem
314 3055 412 3132 gradu
438 3055 496 3114 fuit
514 3055 596 3132 apud
612 3055 823 3115 Alexandrum
845 3074 944 3116 annos
959 3056 1125 3132 tredecim;

186 3148 355 3209 novissimo
368 3153 507 3226 tempore
520 3147 654 3225 praefuit
663 3147 757 3208 etiam
769 3147 883 3208 alterae
895 3148 1035 3226 equitum
1045 3152 1126 3221 alae,

187 3260 265 3319 quae
276 3244 436 3303 Hetaerice
452 3241 677 3321 appellabatur.
691 3242 821 3319 Utrique
835 3245 939 3300 autem
952 3240 984 3300 in
995 3245 1127 3306 oonsilio

94 3370 101 3397 i
187 3355 312 3413 semper
326 3335 414 3394 affini
428 3339 460 3395 et
474 3334 615 3394 omnium
632 3353 738 3394 rerum
753 3335 879 3395 babitus
895 3341 943 3397 est
958 3337 1126 3417 particeps.
1140 3325 1144 3370 ¹

166 3433 175 3480 l
230 3437 263 3488 ⁶2.
281 3428 455 3488 Alexandro
470 3428 630 3506 Babylone
643 3432 777 3502 mortuo,
795 3449 865 3488 eum
881 3449 977 3507 regna
992 3430 1126 3510 singulis

107 3519 166 3579 ‘223
189 3524 392 3586 familiaribus
415 3524 664 3602 dispertirentur,
692 3529 724 3584 et
748 3544 870 3585 summa
892 3543 998 3585 rerum
1012 3529 1127 3588 tradita

189 3624 272 3680 esset
297 3617 413 3678 tuenda
444 3616 546 3677 eidem
571 3617 619 3677 eui
646 3617 822 3678 Alexander
843 3619 979 3678 moriens
995 3621 1127 3684 anulum
