2430 4110
137 298 157 309 “
209 317 241 367 ro
521 320 574 370 ru.
593 322 789 373 trutannus.
808 326 833 374 5.

208 426 269 486 tius
284 445 302 485 a
318 427 500 504 magistratu
512 427 544 488 in
555 428 688 489 Siciliam
699 418 813 490 missus
824 435 960 504 esset‚ut
971 429 1144 490 domumad

208 538 334 580 causam
349 520 512 581 dicendam
528 522 655 595 rediret,
672 529 816 602 essetque
833 524 865 584 iu
876 543 990 603 magna
1001 542 1056 601 spe
1072 542 1143 602 pro-

208 615 326 675 vinciae
341 615 420 676 bene
436 616 712 692 administrandae,
730 637 794 678 non
810 637 918 697 parere
933 618 1045 691 noluit,
1068 622 1101 677 et
1112 617 1143 676 in

207 709 333 769 trierem
346 729 425 788 quae
437 711 476 770 ad
488 730 561 770 eum
573 716 640 772 erat
651 713 878 790 deportandum
888 710 1141 772 missaascendit.

174 822 190 870 r
208 806 270 862 Hac
282 805 412 865 Thurios
420 805 452 864 in
463 806 583 866 ltaliam
597 812 768 884 pervectus,
777 807 876 866 multa
887 809 1147 882 secumreputans

206 895 244 954 de
268 896 472 959 immoderata
488 900 602 960 civium
614 919 743 961 suorum
757 899 883 960 licentia
899 897 1147 974 crudelitateque

206 1007 279 1066 erga
304 991 436 1065 nubilae,
461 994 661 1056 utilissimum
677 998 763 1054 ratus
779 993 1015 1073 impendentem
1028 990 1147 1051 evitare

207 1085 434 1164 tempestatem,
452 1088 532 1147 olam
547 1106 579 1147 se
595 1087 634 1148 ab
649 1085 830 1147 custodibus
847 1083 1008 1154 subduxit,
1025 1082 1146 1143 atinde

179 1210 196 1259 5
219 1183 353 1261 prlmum
369 1183 498 1251 Elidem,
515 1180 589 1242 dein
603 1180 724 1241 Thebas
745 1178 842 1239 veuit.
858 1177 1025 1256 Postquam
1040 1179 1146 1236 autem

206 1295 238 1337 se
264 1277 371 1356 capitis
398 1278 582 1337 damnatum
609 1275 699 1335 bouis
716 1273 880 1352 publicatis
903 1272 1033 1344 audivit,
1053 1275 1095 1344 et,
1114 1271 1146 1330 id

205 1370 288 1447 quod
313 1389 477 1449 nunquam
493 1374 586 1429 antea
602 1387 661 1427 usu
677 1373 817 1441 venerat,
831 1366 1031 1444 Eumolpidas
1044 1383 1146 1425 saeer-

204 1464 292 1524 dotes
304 1485 321 1525 a
333 1464 446 1543 populo
462 1469 580 1524 coactos
594 1467 629 1521 ut
640 1480 672 1522 se
688 1461 889 1533 devoverent,
903 1460 1033 1538 ejusque
1049 1459 1144 1519 devo·

204 1556 296 1616 tionis
311 1577 372 1635 quo
388 1556 530 1618 testatior
548 1561 631 1616 esset
650 1555 810 1627 memoria,
833 1553 1010 1632 exemplum
1032 1553 1065 1614 in
1081 1552 1144 1632 pila

203 1649 324 1729 lapidea
339 1652 471 1712 incisum
487 1671 555 1712 esse
571 1650 704 1729 positum
728 1650 760 1710 in
782 1649 917 1728 publico,
936 1648 1163 1708 Lacedaemh·.

170 1761 186 1811 a
203 1764 275 1805 nem
288 1745 481 1824 demigravit.
500 1745 557 1815 lhi,
575 1749 609 1804 ut
620 1745 685 1822 ipse
698 1743 874 1822 praedicare
887 1747 1062 1810 consuerat,
1077 1759 1141 1800 non

202 1836 352 1898 adversus
378 1838 520 1916 patriam,
548 1839 602 1898 sed
632 1836 773 1896 inimicos
792 1855 865 1898 suos
890 1837 1006 1897 bellurn
1030 1835 1139 1914 gessit,

203 1931 286 2006 quod
302 1931 403 1992 eidem
419 1933 522 1992 hostes
538 1935 644 1992 essent
658 1931 774 1990 civitati
790 1949 796 1990 :
814 1950 887 1990 nam
899 1949 971 1990 oum
986 1929 1076 1989 intell
1087 1948 1142 2007 gc-

203 2027 274 2083 rent
296 2042 328 2083 se
357 2024 525 2102 plurimum
548 2024 695 2102 prodesse
713 2043 802 2103 posse
820 2025 863 2085 rei
880 2024 1033 2102 publicae,
1051 2043 1090 2084 ex
1104 2042 1141 2083 aa

170 2139 185 2186 7
203 2117 339 2194 ejecisse,
358 2117 488 2196 plusque
502 2117 565 2178 irae
581 2137 655 2178 suae
672 2136 765 2195 quam
781 2118 905 2179 utilitati
919 2119 1078 2178 communi
1090 2137 1140 2196 pa-

122 2225 180 2284 413
204 2211 314 2272 ruisse.
331 2213 438 2290 ltaque
457 2212 550 2289 hujus
562 2212 688 2272 consilio
707 2213 941 2274 Lacedaemonii
957 2232 1028 2273 cum
1046 2216 1139 2277 Perse

203 2323 276 2384 rege
291 2303 455 2364 amicitiam
471 2306 623 2377 fecerunt,
646 2305 719 2365 dein
735 2305 893 2366 Deceleam
910 2305 942 2367 in
959 2307 1058 2368 Attica
1073 2327 1140 2368 mu·

202 2399 338 2470 aierunt,
357 2397 572 2477 praesidioque
586 2399 629 2459 ibi
646 2404 794 2477 perpetuo
812 2400 911 2478 posito
928 2400 959 2459 in
975 2401 1136 2463 obsidione

203 2498 338 2556 Athenas
354 2500 534 2556 tenuerunt.
549 2496 697 2573 Ejusdem
710 2515 804 2575 opera
819 2496 935 2557 Ioniam
958 2516 976 2558 a
992 2499 1136 2561 societate

202 2592 383 2648 averterunt
397 2587 645 2661 Atheniensium,
664 2607 724 2666 quo
746 2590 824 2650 tacto
847 2591 945 2650 multo
960 2592 1137 2670 superlores

202 2684 282 2744 bello
298 2701 365 2743 esse
378 2687 556 2761 coeperunt.
899 2735 901 2739 .

171 2795 182 2842 t
244 2786 278 2842 s.
295 2783 399 2860 Neque
416 2800 488 2842 vero
511 2782 559 2841 his
585 2781 679 2841 rebus
698 2786 762 2842 tam
783 2782 874 2843 amici
894 2782 1044 2844 Alcibiadi
1063 2789 1142 2846 sunt

200 2874 270 2935 lacti
282 2893 375 2953 quam
388 2873 498 2934 timore
510 2874 549 2933 ab
561 2893 596 2935 eo
609 2874 829 2935 alienati.Nam
841 2894 909 2935 cum
923 2876 1065 2937 acerrimi
1078 2877 1136 2938 viri

200 2973 409 3046 praestantem
435 2967 634 3045 prudentiam
650 2968 683 3027 in
698 2968 843 3028 omnibus
860 2969 952 3030 rebus
974 2989 1146 3049 cognosce,

200 3061 515 3141 rent‚pertimuerunt
526 3081 566 3122 ue
579 3061 704 3122 caritate
716 3062 833 3140 patriae
845 3064 956 3124 ductus
968 3064 1136 3143 aliquando

200 3155 239 3215 ab
254 3155 328 3234 ipsis
344 3154 529 3215 descisceret
541 3160 572 3216 et
586 3174 656 3216 cum
669 3155 733 3216 suis
748 3156 925 3234 ingratiam
938 3157 1065 3222 rediret.
1079 3160 1137 3220 lta·

167 3261 183 3311 ἰ)
199 3266 260 3324 que
273 3253 396 3326 tempus
410 3247 478 3324 ejus
490 3247 701 3308 interficiundi
715 3268 863 3327 quaerere
877 3240 1090 3312 instituerunt.
1101 3251 1135 3311 ld

200 3341 372 3401 Alcibiades
387 3341 504 3401 diutius
516 3342 608 3402 celari
620 3360 683 3401 non
700 3343 814 3420 potuit:
829 3349 895 3404 erat
907 3344 991 3404 enim
1003 3365 1039 3406 ea
1051 3364 1136 3424 saga·

199 3439 297 3510 citato,
316 3439 351 3494 ut
365 3435 464 3515 decipi
487 3457 549 3497 non
565 3441 680 3516 posset,
707 3438 888 3515 praesertim
906 3457 975 3498 cum
995 3440 1134 3501 animum

119 3531 176 3590 tta
198 3529 384 3589 attendisset
409 3530 448 3588 ad
468 3532 654 3591 cavendum.
682 3532 789 3609 ltaque
815 3532 854 3592 ad
881 3533 1131 3612 Tissaphernem,

165 3632 182 3680 5
198 3621 386 3700 praetectum
404 3623 486 3702 regis
502 3623 592 3696 Dari,
616 3644 648 3685 so
665 3625 806 3686 contulit.
824 3626 916 3704 Cujus
932 3647 1002 3687 cum
1018 3629 1050 3689 in
1066 3630 1136 3690 inti-

198 3735 281 3775 mam
293 3716 460 3777 amicitiam
477 3719 720 3792 uers’enisset,et
736 3720 1073 3792 Atlrcnieusiurrr,male
1085 3741 1136 3787 ue·
