2430 4110
214 352 260 402 tou
556 351 586 400 ll.
607 351 750 400 hTTlCUS.
771 345 810 399 1³2.

211 454 333 514 tortuna
348 452 505 530 perculsos
520 452 657 514 instituit
668 453 759 524 tucri,
777 458 868 530 atque
881 471 919 512 cn
929 453 1022 531 Epiro
1035 452 1073 514 iis
1086 470 1152 515 om-

177 568 194 616 5
213 547 264 606 nia
275 546 518 607 Samothraciam
533 547 708 626 supportari
719 547 825 624 jussit.
842 546 970 608 Difficile
985 553 1035 608 est
1048 549 1154 610 omnia

212 639 368 719 persequi,
383 645 415 700 et
428 658 490 699 non
504 640 728 700 necessarium.
742 641 823 702 lllud
839 660 937 702 unum
949 640 1082 720 intelligi
1098 662 1153 704 vo-

208 734 323 808 lumus,
350 735 433 795 illius
457 735 676 795 liberalitatem
692 753 794 812 neque
810 735 1032 812 temporariam
1048 755 1150 814 neque

177 845 194 893 4
211 826 354 887 callidam
369 828 474 888 luisse.
492 827 528 887 ld
543 847 581 887 ex
595 827 671 906 ipsis
691 828 785 888 rebus
801 846 836 887 ac
857 826 1052 905 temporibus
1064 828 1151 904 judi-

210 923 272 982 cari
287 928 400 1000 potest,
418 922 499 1000 quod
525 941 587 983 non
613 921 798 984 florentibus
827 942 859 983 se
890 923 1077 994 venditavit,
1095 923 1149 984 sed

210 1015 330 1076 aillictis
346 1011 469 1094 semper
482 1015 634 1076 succurrit
648 1036 654 1076 ι
669 1015 859 1094 quiquidem
873 1016 1048 1089 Serviliam,
1064 1016 1150 1076 Bruti

211 1113 355 1180 matrem,
369 1127 432 1168 non
445 1109 547 1170 minus
564 1116 633 1187 post
647 1118 779 1171 mortem
787 1112 858 1189 ejus
874 1130 968 1188 quam
983 1113 1148 1172 llorentem

173 1233 190 1282 5
209 1201 348 1262 coluerit.
366 1203 415 1262 Sic
429 1203 614 1264 liberalitate
630 1209 721 1264 utens
734 1204 837 1264 nullas
849 1204 1029 1265 inimicitias
1040 1203 1147 1284 gessit,

209 1295 290 1372 quod
305 1315 406 1375 neque
422 1296 565 1358 laedebat
576 1317 776 1376 quemquam,
790 1316 904 1376 neque,
921 1297 1054 1375 siquam
1068 1298 1147 1376 inju-

209 1388 287 1449 riam
310 1395 484 1468 acceperat,
511 1408 573 1449 non
601 1390 737 1450 malebat
759 1390 898 1451 oblivisci
915 1409 1009 1468 quam
1030 1390 1146 1452 ulcisci.

208 1481 296 1542 Idem
310 1483 479 1544 immortali
491 1484 641 1544 memoria
653 1490 798 1563 percepta
811 1484 966 1546 retinebat
976 1485 1145 1556 beneficia;

209 1596 287 1655 quae
303 1583 407 1637 autem
424 1578 490 1656 ipse
513 1578 676 1650 tribuerat,
694 1579 812 1638 tamdiu
831 1579 1027 1654 meminerat,
1045 1577 1145 1657 quoad

177 1691 194 1740 6
211 1668 261 1730 ille
277 1677 383 1748 gratus
399 1678 466 1732 erat
481 1671 534 1750 qui
555 1677 725 1749 acceperat.
743 1672 851 1750 Itaque
868 1673 918 1731 hic
938 1670 1012 1733 tecit
1027 1677 1063 1732 ut
1078 1691 1146 1733 vere
1198 1706 1201 1713 ·

209 1761 327 1824 dictum
341 1763 483 1825 videatur
501 1784 508 1824 :
893 1784 896 1791 ’

346 1920 389 1970 Sui
403 1921 496 1983 cuique
507 1932 590 1970 rnores
603 1920 701 1981 tingunt
714 1919 842 1970 fortunam
855 1918 1013 1969 hominihus.

210 2047 317 2125 Neque
338 2051 445 2107 tamen
470 2044 521 2105 ille
537 2043 622 2122 prins
638 2043 793 2103 fortunam
809 2061 902 2120 quam
917 2061 950 2103 se
966 2042 1033 2121 ipse
1046 2043 1143 2114 tinuit,

209 2143 264 2222 qui
279 2143 359 2204 cavit
373 2161 413 2203 ne
428 2161 489 2220 qua
504 2141 537 2200 in
552 2160 584 2201 re
593 2141 664 2218 jure
679 2139 876 2216 plecteretur.

180 2243 191 2291 ¹
251 2245 308 2299 12.
326 2238 381 2298 His
391 2237 486 2314 igitur
506 2235 710 2297 rcbnsetl'aoit
723 2231 985 2312 utM.Vipsanius
997 2233 1142 2313 Agrippa,

210 2330 319 2392 intima
346 2328 554 2390 familiaritate
583 2329 766 2406 conjunctus
788 2327 980 2388 adolescenti
1009 2329 1141 2400 Caesari,

209 2443 279 2486 cum
296 2428 420 2502 propter
434 2440 521 2482 suam
539 2421 672 2500 gratiam
688 2427 718 2481 et
732 2422 870 2483 Caesaris
887 2422 1060 2499 potentiam
1075 2423 1145 2483 nul·

208 2517 269 2578 lius
294 2515 478 2576 conditionis
499 2534 562 2574 nun
577 2515 708 2576 haberet
730 2521 926 2595 potestatem,
947 2515 1144 2594 potissimum

210 2608 1145 2688 cjusdeligeretaffinitatorn‚praeoptaretqueequitisRomani

176 2705 305 2765 atillam
328 2723 550 2781 generosarum
565 2705 693 2781 nuptiis.
710 2708 809 2782 Atque
831 2706 942 2764 harum
964 2705 1144 2781 nuptiarum

209 2797 386 2859 conciliator
400 2797 459 2858 luit
472 2797 609 2874 (nonest
629 2797 714 2857 enim
729 2797 907 2867 celandum)
921 2797 963 2858 M.
978 2798 1142 2869 Antonius,

209 2891 353 2953 triumvir
365 2891 409 2950 rci
424 2890 565 2968 publicae
581 2891 829 2954 constituendae.
847 2890 900 2967 an
906 2909 940 2949 us
955 2890 1057 2967 gratia
1073 2909 1143 2952 cum

208 3005 322 3063 augere
337 2985 547 3064 possessiones
559 2991 662 3061 posset
674 3005 757 3057 suae,
771 2992 894 3047 tantum
906 2984 1013 3044 atuita
1028 2985 1146 3064 cupidi·

211 3078 571 3159 tatepecuniae,utnulla
580 3078 613 3138 in
627 3077 1144 3155 reusussiteanisiindeprecaudis

176 3188 191 3238 5
209 3174 378 3235 amicorum
390 3180 444 3233 aut
457 3173 600 3251 periculis
615 3179 667 3233 aut
681 3174 896 3234 incommodis.
915 3172 1003 3244 Quod
1016 3175 1144 3252 quidem

210 3265 267 3328 sub
290 3268 356 3345 ipsa
382 3267 602 3345 proscriptione
626 3266 798 3346 perillustre
824 3267 894 3328 fuit.
922 3268 1000 3327 Nam
1023 3286 1096 3328 cum
1108 3270 1141 3327 L.

210 3360 333 3429 Saufeii,
351 3359 463 3436 equitis
483 3358 623 3429 Romani,
646 3360 784 3438 aequalis
804 3360 863 3432 sui,
891 3359 945 3438 qui
969 3360 1144 3439 complures

210 3470 307 3512 zrnnos
330 3450 432 3510 studio
458 3453 571 3511 ductus
597 3451 809 3531 philosophiae
838 3453 999 3513 habitabat
1013 3453 1144 3515 Athenis

210 3545 404 3623 habebatque
429 3544 462 3604 in
483 3543 571 3605 ltalia
586 3545 735 3623 pretiosas
751 3547 972 3625 possessiones,
990 3546 1144 3610 triumviri

209 3638 290 3701 bona
304 3636 528 3709 vendidissent,
546 3639 770 3702 cousuetudine
786 3659 823 3702 ea
834 3659 895 3719 qna
910 3644 977 3699 tum
993 3659 1044 3701 res
1059 3658 1145 3720 gero·
