2430 4110
227 344 258 393 aa
525 345 574 395 xv.
594 318 827 399 araatuoums.
845 347 871 398 a.

156 448 213 509 303
225 435 298 495 toris
311 454 402 515 opera
416 437 649 498 desideraretur.
663 439 742 499 Huic
756 439 806 499 ille
820 438 923 514 Follis,
937 438 1046 518 iuquit,
1063 439 1155 503 verbo-

225 528 301 589 cioeo
315 535 390 604 taos,
406 528 484 610 qaod
497 528 581 591 hoca
601 528 674 591 bello
704 549 836 596 aeaeae:
856 531 909 591 otii
928 533 1007 593 euim
1031 535 1151 596 nomiae

193 639 208 684 a
224 622 394 683 servitutem
405 623 555 684 concilias.
571 626 652 685 Nam
662 625 785 704 paritor
793 643 861 706 paac
873 623 946 686 bello
958 643 969 698 ‚·
981 627 1080 708 itaque
1098 629 1152 709 qai

224 732 260 774 ea
271 712 387 776 dialiaa
396 715 497 777 colant
510 713 584 794 frui,
597 714 670 777 bello
682 718 839 778 caeercilati
851 735 912 778 ecoe
921 716 1033 780 debeat.
1049 722 1150 796 Qaarc

226 809 254 869 si
264 810 414 890 principes
434 810 573 872 Graeciae
586 810 676 871 valtis
700 829 771 887 eme,
791 812 897 873 castres
910 819 952 874 est
969 812 1051 876 vobis
1064 822 1149 877 atea-

138 895 140 898 ’
192 923 209 971 5
227 898 309 974 dara,
321 919 380 961 aaa
386 902 547 982 palaestra.
559 903 644 963 Idem
654 903 705 964 ille
716 904 898 966 Meneclides
909 923 979 965 cum
990 906 1148 987 huicobji-

227 998 308 1054 ceret
318 996 399 1072 quod
413 995 523 1057 liberos
536 1015 598 1057 non
612 996 738 1057 haberet
748 1016 847 1075 neque
862 1016 987 1059 uxorem
998 999 1145 1073 duxisset,

227 1088 417 1170 maximeque
438 1090 629 1152 insolentiam
644 1090 725 1171 quod
745 1091 802 1152 sibi
826 1077 1062 1170 Agamemnonis
1075 1093 1146 1154 belli

226 1181 353 1258 gloriam
370 1183 526 1244 videretur
549 1188 739 1255 consecutus,
761 1183 808 1258 Al,
825 1182 886 1255 ille,
902 1181 1011 1259 deciae,
1032 1184 1143 1263 inquit,

225 1273 400 1347 Meneclida,
412 1274 447 1335 de
454 1294 551 1336 accere
560 1272 838 1354 mihiemprobrare:
848 1292 918 1334 uam
928 1274 1041 1336 callias
1049 1276 1081 1336 ia
1092 1277 1147 1336 isla

224 1384 258 1425 re
272 1367 370 1426 melaac
394 1369 439 1428 ali
459 1366 580 1428 coasilio
603 1366 667 1428 aolo
688 1364 836 1448 (Habebat
864 1365 947 1425 euim
961 1367 1144 1431 Meneclides

137 1487 139 1492 v
192 1491 204 1532 0
224 1459 425 1536 suspicionem
446 1458 598 1540 adulteri).
617 1457 701 1533 Quod
719 1465 816 1518 autera
830 1476 876 1517 lae
897 1459 1145 1538 Agamemnonem

222 1552 371 1612 aemulari
389 1559 488 1634 patae,
515 1550 663 1630 falleris:
687 1570 814 1632 uanaque
838 1551 887 1611 illc
911 1569 979 1612 cam
1006 1554 1146 1615 aniverso

223 1645 347 1706 Graecia
359 1648 416 1707 oia
430 1645 527 1707 deccat
546 1647 632 1726 aptae
643 1663 735 1705 ranam
753 1646 827 1724 cepit
841 1641 953 1720 arbem,
976 1663 1027 1724 epo
1045 1654 1147 1708 contra

221 1760 256 1802 ea
268 1759 329 1802 aaa
342 1739 413 1802 arbe
426 1748 527 1802 aartra
538 1741 640 1822 dicque
652 1758 710 1801 aaa
725 1746 814 1801 totam
826 1739 981 1800 Graeciam
1002 1741 1145 1804 Lacedae·

221 1837 328 1896 moniis
339 1832 449 1914 fapalio
464 1833 607 1895 liberavi.-

190 1974 203 2019 l
262 1955 391 2016 (hldem
402 1974 472 2015 cam
485 1956 516 2014 iu
527 1961 714 2016 conventum
725 1955 857 2016 venisset
875 1956 1027 2019 Arcadum
1038 1964 1145 2038 petens

150 2050 209 2108 366
223 2059 258 2113 ut
267 2053 439 2114 societatem
451 2072 521 2113 cum
536 2053 687 2114 Thebanis
698 2057 728 2113 et
739 2053 857 2132 Argivis
866 2054 1010 2126 lacerent,
1023 2063 1143 2117 contra-

141 2203 146 2212 .
221 2170 280 2228 que
292 2152 488 2224 CallistrAtuS,
504 2151 736 2212 Atheniensium
757 2151 884 2229 legatus,
901 2152 954 2229 qui
969 2152 1143 2231 eloquentia

218 2266 326 2310 omnes
341 2269 376 2309 eo
386 2251 555 2327 praestabat
569 2255 716 2328 tempore,
732 2249 898 2328 postularet
909 2254 941 2308 ut
953 2250 1055 2328 potius
1067 2252 1143 2311 ami·

221 2345 322 2406 citiam
337 2353 536 2426 sequerentur
545 2348 726 2418 Atticorum,
737 2353 765 2407 et
782 2348 813 2406 in
827 2347 961 2408 oratione
975 2367 1031 2408 sua
1045 2351 1143 2409 multa

189 2442 193 2447 ’
221 2443 359 2506 invectus
383 2452 461 2505 esset
484 2445 516 2504 in
530 2445 688 2505 Thebanos
716 2449 746 2504 et
756 2447 892 2523 Argivas,
916 2443 947 2501 in
964 2443 1069 2521 eisque
1085 2445 1143 2505 hoc

187 2547 203 2594 2
221 2544 367 2617 posuisset
387 2561 394 2602 :
417 2542 555 2602 animum
575 2543 733 2603 advertere
752 2542 862 2602 debere
882 2541 1012 2600 maridas
1035 2543 1142 2620 quales

220 2649 348 2721 utraque
363 2642 467 2703 ciuitas
480 2643 561 2703 cives
581 2648 776 2720 procreasset,
802 2660 839 2700 ex
854 2639 966 2718 quibus
980 2639 1142 2727 de'ceteris

217 2747 338 2820 possent
348 2741 507 2819 judicare:
525 2745 650 2820 Argivos
666 2739 747 2799 enim
763 2739 855 2799 fuisse
878 2737 1015 2798 Orestem
1026 2743 1057 2798 et
1072 2737 1141 2798 Alc·

190 2846 377 2911 ¹maedaem
398 2838 590 2911 matricidas;
620 2837 731 2898 Thebis
760 2838 910 2916 Oedipum
937 2840 1056 2908 nalum,
1085 2839 1140 2914 qui

183 2951 201 3003 a
216 2941 333 3013 patrem
349 2955 440 2996 suum
450 2934 649 2995 interfecisset
659 2952 666 2993 :
675 2933 788 2993 huicin
799 2932 1009 3012 respondendo
1018 2933 1142 3012 Epami-

186 3088 191 3093 .
216 3033 342 3104 nondas,
355 3052 425 3093 cum
433 3033 470 3092 de
484 3031 590 3092 ceteris
604 3036 783 3110 perorasset,
797 3036 956 3110 postquam
968 3029 1006 3090 ad
1018 3030 1141 3093 illaduo

215 3131 374 3210 opprobria
388 3129 536 3210 pervenit,
554 3129 696 3190 admirari
708 3147 740 3189 se
751 3129 827 3188 dixit
837 3127 998 3188 stultitiam
1007 3128 1141 3190 rhetoris

214 3229 315 3299 Attici,
325 3230 377 3307 qai
388 3246 449 3289 non
460 3227 707 3288 animadverterit
718 3227 894 3288 innocentes
906 3225 972 3286 illos
983 3230 1071 3288 natos
1082 3227 1140 3289 do·

213 3328 268 3398 mi,
280 3326 538 3396 seelereadmisso‚
552 3343 622 3384 cum
634 3324 731 3403 patria
745 3330 845 3384 essent
856 3321 985 3401 expulsi,
998 3329 1142 3403 receptos

180 3445 196 3487 a
213 3421 277 3484 esse
288 3424 326 3484 ab
340 3422 585 3485 Atheniensibus.
599 3421 657 3482 Sed
666 3420 796 3481 maxime
811 3422 877 3499 ejus
888 3419 1062 3498 eloquentia
1070 3422 1140 3482 elu-

213 3514 711 3600 xitSpartae,legatiantepugnam
719 3519 1141 3588 Leuctricamouocumom·

140 3618 196 3677 etl
214 3616 301 3698 nium
319 3612 469 3688 sociorum
488 3611 699 3673 convenissent
720 3611 822 3690 legati,
837 3629 938 3672 coram
952 3611 1139 3689 frequentis·
