2430 4110
408 394 495 442 ntur.
517 393 675 443 curreres.
694 393 719 442 o.
996 380 1044 441 π’

93 491 187 571 gioue
201 492 334 553 Persidis
358 493 527 553 hiematum
546 495 645 573 copias
659 493 778 564 divisit,
801 512 861 552 uon
882 500 916 553 ut
930 494 1025 552 votuit

92 584 150 645 scd
164 589 199 645 ut
213 585 347 645 militum
363 587 486 666 cogebat
504 588 657 647 voluntas.
674 589 810 664 Namque
830 587 881 646 illa
892 587 1022 665 phalanx
1036 595 1053 642 Ξ

91 677 258 738 Alexandri
274 679 392 758 Magni,
412 697 490 758 quae
510 680 611 739 Asiam
625 683 796 757 peragrarat
813 679 1024 756 deviceratque

90 772 222 844 Persas,
246 772 412 832 inveterata
426 791 496 832 curn
513 772 607 851 gloria
623 779 687 831 turn
703 772 794 831 etiam
814 772 945 843 licentia,
962 791 1022 832 nou

90 882 201 945 parere
223 883 255 924 se
277 865 422 937 ducibus,
439 866 491 925 sed
511 865 660 944 imperare
682 867 915 944 postutntrat,ut
941 885 1024 925 nunc

89 957 230 1017 veterani
246 957 361 1018 faciunt
376 958 481 1018 nostri.
499 959 605 1035 ltaque
616 958 786 1036 periculum
799 964 841 1017 est
860 976 897 1017 ne
912 958 1023 1017 faciant

89 1048 176 1127 quod
187 1049 230 1108 illi
249 1051 398 1123 iecerunt,
412 1069 467 1110 sua
482 1050 714 1128 intemperantia
728 1051 882 1128 nimiaque
901 1052 1023 1111 licentia

89 1146 130 1201 ut
143 1143 247 1203 omnia
267 1143 405 1221 perdant,
421 1162 521 1221 neque
536 1143 639 1202 minus
655 1162 705 1202 eos
719 1162 788 1201 cum
804 1144 916 1221 quibus
929 1149 1020 1204 stete-

87 1234 169 1309 rint,
180 1255 274 1315 quam
289 1237 434 1296 adversus
444 1256 519 1314 qnos
531 1237 668 1296 fecerint.
680 1236 765 1305 Quod
777 1236 801 1294 si
817 1236 884 1314 quis
897 1237 1017 1297 illorum
1032 1258 1047 1304 ς,

90 1333 309 1390 veteranorum
318 1331 396 1410 legat
406 1332 493 1401 laeta,
510 1332 593 1409 paria
607 1331 717 1406 trorum
728 1336 904 1407 cognoseat,
919 1350 1018 1407 neque

88 1440 159 1482 rem
174 1425 268 1484 ullam
287 1425 344 1485 nisi
360 1431 480 1504 tempus
502 1426 647 1485 iuteresse
664 1424 792 1502 judicet.
814 1424 871 1484 Sed
893 1424 929 1484 ad
952 1425 1018 1485 illos

88 1523 239 1577 revertar.
263 1518 397 1576 Hiberna
419 1523 610 1595 sumpserant
627 1537 686 1576 nou
708 1518 746 1575 ad
765 1536 856 1576 usum
878 1518 1018 1593 lielti,sed

87 1610 130 1670 ad
152 1611 287 1690 ipsorum
302 1613 471 1684 luxuriam,
488 1614 637 1691 longeque
652 1613 731 1671 iuter
752 1632 783 1671 sc
805 1613 1014 1673 discesserant.

87 1705 155 1766 Iloc
189 1707 360 1785 Antigonus
371 1725 441 1765 cum
457 1706 649 1785 comperisset
664 1706 905 1783 intelligeretque
920 1726 951 1765 sc
963 1715 1044 1784 prr-t
1084 1706 1089 1759 ἶ

86 1817 155 1858 rem
179 1819 242 1861 non
263 1819 327 1860 csse
351 1800 462 1878 parutis
483 1800 678 1870 adversariis,
699 1800 803 1858 statuit
824 1799 939 1877 aliquid
959 1799 1016 1860 sibi

86 1893 206 1952 consilii
220 1892 290 1952 novi
311 1912 374 1952 esse
389 1892 581 1971 capiendum.
604 1895 687 1952 Duae
703 1897 789 1951 erant
814 1893 880 1951 viae
895 1912 956 1970 qua
979 1910 1015 1951 en

86 1986 195 2057 ldcdis,
212 1985 264 2044 ubi
277 1985 327 2045 ille
338 1985 502 2056 hiemabat,
516 1986 554 2045 ad
565 1985 1013 2050 adversariorumhibernacula

84 2078 185 2157 pfosret
202 2077 364 2156 perveniri.
379 2079 514 2148 Quarum
525 2079 647 2138 brevior
656 2096 711 2156 per
721 2078 783 2136 loca
793 2079 921 2150 deserta,
936 2095 1041 2154 quaes

83 2190 177 2232 uento
192 2172 337 2231 incolebat
349 2177 470 2250 propter
481 2190 576 2248 aquae
589 2171 733 2249 inopiam,
747 2177 880 2230 ceterum
893 2171 1011 2230 dierum

83 2272 148 2324 erat
168 2266 232 2325 fere
254 2265 376 2336 dccem;
403 2265 453 2323 illa
471 2271 574 2324 autem
595 2284 655 2343 qua
673 2283 779 2324 omues
802 2264 1010 2324 commeabant

81 2358 179 2418 altero
190 2362 274 2418 tanto
288 2358 455 2437 longiorem
470 2358 599 2417 habehat
618 2358 800 2429 anfractum,
818 2359 946 2418 sederat
962 2376 1008 2418 co-

81 2452 167 2530 piosa
180 2453 380 2529 omninmqne
396 2470 500 2510 rerum
520 2451 690 2510 abundans.
708 2453 769 2539 Hac
787 2452 810 2509 si
839 2452 1038 2529 proticisce-tr

80 2551 186 2616 retur,
205 2546 388 2625 intelligebat
410 2545 494 2622 prius
515 2544 702 2621 adversarios
715 2543 883 2623 'rescituros
896 2544 933 2603 de
955 2562 1010 2603 suo

80 2636 218 2697 adventu
230 2656 322 2714 quam
339 2637 401 2716 ipse
416 2636 535 2696 tertiam
551 2642 669 2714 partem
680 2636 857 2695 confecisset
870 2636 1006 2708 itineris3

81 2731 129 2789 sin
141 2750 196 2809 per
210 2731 274 2790 loca
288 2731 349 2791 sola
363 2730 567 2801 commueret,
584 2729 722 2807 sperabat
738 2746 770 2787 se
783 2728 1006 2806 imprudentem

80 2824 200 2885 hostem
224 2843 451 2903 oppressurum.
475 2823 521 2883 Ad
539 2824 699 2881 honorem
718 2821 935 2881 conficiendam
951 2824 1006 2882 im·
1021 2833 1034 2877 7

79 2919 195 2996 perurit
213 2937 304 2996 quam
319 2918 466 2995 plurimos
480 2923 563 2977 utres
576 2921 666 2993 atque
682 2916 773 2975 otiam
795 2916 907 2976 culleos
923 2937 1005 2978 com·

79 3013 190 3091 parari,
206 3018 272 3090 post
288 3013 361 3071 haec
376 3012 534 3090 pabulum,
552 3016 706 3089 praeterea
718 3009 830 3069 ciboria
844 3017 927 3071 cocta
941 3013 1006 3073 die-

78 3124 150 3165 rum
176 3105 296 3176 decem,
312 3110 346 3163 ut
370 3123 460 3182 quam
482 3103 609 3163 minime
624 3103 711 3162 fieret
735 3103 814 3180 ignis
836 3103 1001 3167 incastris.

79 3201 142 3261 lter
167 3219 228 3277 quo
255 3199 362 3258 habeat
383 3218 488 3258 onmes
509 3198 595 3258 colat.
624 3197 672 3258 Sic
696 3202 900 3275 paratusque
934 3220 1005 3260 con-

78 3292 217 3352 stituerat
241 3292 451 3371 proficiscitur.

118 3387 159 3444 9.
174 3387 339 3446 Dimidium
355 3385 417 3444 fere
431 3383 561 3462 spatium
584 3383 768 3452 coniecerat,
782 3401 851 3442 cunr
867 3402 902 3442 ex
918 3387 1002 3447 sumo
1020 3395 1028 3442 t

76 3484 245 3537 castrorum
260 3480 326 3557 ejus
341 3476 472 3554 suspicio
488 3476 577 3551 alluta
592 3480 635 3533 est
650 3473 688 3532 ad
699 3476 867 3534 Eumenem
883 3477 1000 3538 trostern

76 3571 329 3649 appropinquare.
348 3568 537 3630 Conveniunt
548 3567 656 3638 duem,
673 3567 829 3645 quaeritur
840 3570 913 3646 quid
925 3591 1001 3650 opus

76 3669 111 3728 sit
129 3668 216 3727 tacto.
239 3664 449 3743 lntctligeinnt
466 3682 570 3723 onmes
585 3667 647 3721 tam
660 3661 797 3722 celeriter
811 3665 909 3742 copias
921 3665 999 3744 ipso·
