2430 4110
217 319 250 370 cc
497 322 584 372 xxia.
604 291 832 373 alarinen.
855 325 893 400 υ.

221 422 333 493 nibale,
354 441 391 482 ne
417 423 467 482 ille
495 422 693 483 inscientibus
719 422 755 483 iis
773 425 890 485 tolleret
906 442 1071 502 secumque
1084 425 1155 487 =du·

224 520 319 574 ceret.
406 584 411 597 Ι

197 620 210 666 1
266 609 333 668 Ιθ.
350 608 399 670 Sic
420 609 604 669 conservatis
619 608 681 668 suis
695 609 805 680 rebus,
822 610 954 694 Poenus,
971 608 1070 670 illusis
1084 610 1155 671 Cre·

225 701 362 773 tensibus
384 703 546 774 omnibus,
572 702 610 762 ad
625 704 766 762 Prusiam
793 703 824 762 in
852 706 986 764 Pontum
1001 704 1151 783 pervenit.

225 795 313 873 Apud
328 814 420 874 quern
436 795 543 855 eodem
557 795 659 854 animo
674 795 731 855 luit
743 814 814 874 erga
827 795 1056 875 ltaliam,neque
1072 797 1153 859 aliud

224 888 389 968 quicquam
403 888 463 967 epit
475 906 568 966 quam
579 906 681 966 regem
690 888 820 948 armavit
831 887 1001 949 etexercuit
1008 890 1153 950 adversus

196 984 212 1030 2
228 984 388 1041 Romanos.
412 981 510 1050 Quem
527 998 597 1040 cum
611 980 728 1041 videret
744 981 917 1041 domesticis
929 980 1040 1060 opibus
1051 980 1152 1059 minus

224 1097 288 1139 esse
313 1078 487 1150 robustum,
515 1076 694 1137 conciliabat
708 1083 823 1138 ceteros
836 1096 942 1156 reges,
966 1076 1151 1158 adjungebat

223 1171 378 1231 bellicosas
387 1172 534 1232 nationes,
548 1171 717 1231 Dissidebat
728 1171 765 1231 ab
774 1190 809 1232 eo
820 1173 1029 1251 Pergamenus
1035 1190 1088 1232 rex
1095 1174 1150 1232 Eu·

223 1271 340 1337 meires,
351 1264 494 1325 Romanis
505 1264 718 1335 amicissimus,
728 1264 905 1343 bellumque
916 1265 996 1324 inter
1007 1254 1148 1344 eosgere·

221 1361 312 1418 batur
325 1364 356 1418 et
370 1358 446 1418 mari
465 1363 496 1419 et
516 1364 615 1430 terra;
631 1377 693 1437 quo
709 1358 805 1437 magis
823 1358 965 1436 cupiebat
979 1377 1053 1419 eum
1067 1359 1147 1418 llan-

193 1452 309 1521 ,anibal
321 1451 464 1530 opprimi,
494 1451 546 1510 sed
570 1450 732 1530 utrobique
757 1453 909 1512 Eumenes
934 1450 1005 1529 plus
1031 1450 1148 1512 valebat

222 1552 343 1625 propter
365 1548 571 1605 Romanorum
593 1544 777 1603 societatem.
799 1544 896 1614 Quem
912 1543 936 1603 si
951 1544 1144 1615 removisset,

220 1639 354 1699 faciliora
366 1637 422 1698 sibi
444 1643 543 1696 cetera
555 1638 617 1696 lore
632 1637 847 1698 arbitrabatur.
873 1638 919 1697 Ad
932 1638 1017 1697 hunc
1031 1635 1146 1697 interfi-

192 1731 369 1792 rciundum
398 1730 487 1790 talem
512 1729 580 1789 iniit
610 1729 771 1789 rationem.
795 1730 893 1791 Classe
914 1731 1018 1809 paucis
1041 1730 1146 1791 diebus

219 1830 306 1884 erant
337 1824 505 1895 decreturi;
536 1823 737 1903 superabatur
771 1824 897 1884 navium
928 1824 1144 1896 multitudine3

219 1920 287 1979 <tolo
303 1924 366 1978 erat
387 1918 605 2002 pugnandum,
630 1936 700 1977 cum
714 1937 769 1998 par
780 1937 841 1978 non
855 1923 933 1978 esset
953 1918 1057 1979 armis
1084 1920 1145 1979 Irn-

219 2012 335 2090 peravit
350 2030 442 2091 quam
464 2010 611 2089 plurimas
624 2016 789 2071 venenatas
811 2017 965 2090 serpentes
980 2011 1065 2073 vivas
1084 2013 1144 2073 col-

191 2111 206 2157 5
221 2105 290 2184 ligi,
307 2123 416 2182 easque
431 2104 462 2162 in
477 2122 548 2162 vasa
562 2103 666 2163 fictilia
681 2103 799 2182 conjici.
814 2106 930 2163 Harum
945 2123 1016 2164 cum
1028 2103 1144 2166 effecis-

218 2205 263 2258 set
277 2217 419 2277 1nagnam
435 2196 676 2266 multitudinem,
693 2196 741 2257 die
763 2197 826 2276 ipso
846 2216 907 2276 quo
924 2198 1061 2258 facturus
1081 2204 1145 2259 erat

219 2292 323 2351 navale
338 2292 499 2370 proelium,
528 2289 693 2350 classiarios
715 2296 870 2362 convocat,
888 2289 984 2369 iisque
999 2291 1144 2371 praecipit

217 2403 322 2445 omnes
337 2390 371 2443 ut
394 2384 425 2443 in
441 2402 535 2443 unam
558 2383 703 2442 Eumenis
724 2383 803 2462 regis
817 2389 998 2445 concurrant
1016 2404 1140 2458 navem,

218 2498 236 2538 a
256 2480 363 2539 ceteris
385 2484 504 2538 tantum
526 2477 597 2537 satis
611 2477 743 2536 habeant
766 2496 798 2537 se
822 2478 984 2538 [totondere
1004 2496 1012 2539 :
1030 2479 1062 2540 id
1078 2479 1142 2541 ill-rs

189 2567 205 2613 6
219 2574 304 2632 facile
315 2572 503 2650 serpentium
517 2570 715 2630 multitudiue
727 2577 938 2632 consecuturos
954 2590 962 2643 3
978 2579 1141 2634 rexautem

216 2667 320 2744 inqua
336 2686 412 2726 nave
427 2667 590 2726 veheretur
618 2671 650 2723 ut
676 2665 788 2725 scirent
815 2684 846 2725 se
861 2666 1033 2737 fracturum
1049 2686 1141 2746 quem

215 2761 239 2820 si
254 2767 307 2820 aut
321 2760 468 2838 cepissent
480 2765 531 2818 aut
545 2757 776 2831 interfecissent,
792 2777 901 2838 magne
936 2757 971 2819 iis
982 2760 1141 2838 pollicetur

215 2854 348 2934 praemio
361 2854 435 2913 lore.
595 2914 598 2919 ,

185 2959 196 3004 t
257 2947 315 3005 ΙΙ.
333 2947 396 3006 Tali
410 2945 615 3005 cohortatione
627 2944 760 3003 militum
780 2945 868 3016 lacta,
881 2943 983 3005 classis
997 2945 1036 3006 ab
1049 2948 1139 3009 utris-

213 3060 271 3118 que
297 3042 328 3099 iu
354 3040 503 3119 proelium
528 3037 700 3097 deducitur.
728 3038 865 3108 Quarum
884 3037 947 3098 acie
961 3041 1136 3114 constituta,

213 3135 389 3213 priusquam
400 3135 522 3213 signum
533 3152 653 3212 pugnae
665 3132 800 3205 daretur,
814 3133 977 3207 Hannibal,
992 3140 1028 3195 ut
1038 3136 1138 3216 palam

213 3231 324 3288 laceret
338 3229 400 3288 suis
411 3247 472 3306 quo
484 3229 547 3287 loco
558 3229 711 3286 Eumenes
719 3232 808 3296 esset,
823 3228 1015 3288 tabellarium
1029 3229 1063 3290 in
1073 3249 1137 3292 sca·

183 3322 198 3368 ²
214 3324 272 3400 pha
284 3341 354 3382 cam
366 3322 495 3382 caduceo
504 3320 607 3380 mittit.
617 3320 673 3391 Oui
685 3320 779 3379 ubiad
789 3339 880 3381 naves
894 3321 1136 3387 adversariorum

212 3417 360 3497 pervenit,
383 3416 599 3495 epistolamque
623 3414 785 3474 ostendens
807 3433 839 3487 se
858 3434 962 3495 regem
983 3420 1135 3497 professus

211 3518 256 3572 est
269 3529 429 3590 quaerere,
444 3509 546 3569 statim
561 3508 599 3568 ad
623 3509 793 3567 Eumenem
818 3507 967 3570 deductas
981 3517 1038 3585 est,
1055 3513 1133 3593 quod

210 3625 300 3667 nemo
321 3605 479 3665 dubitabat
503 3602 578 3680 quin
593 3599 707 3680 aliquid
730 3601 767 3661 de
786 3618 858 3680 pace
881 3608 957 3663 esset
973 3605 1131 3686 scriptum.
