2430 4110
401 362 433 414 ii.
457 363 602 414 ll'l'TlCUS.
623 365 661 415 id.
948 367 995 415 tce

69 463 200 536 bantur,
225 462 316 524 Attici
339 464 440 526 labore
458 471 549 544 atque
576 463 726 526 industria
749 465 865 524 factum
890 468 996 524 estut
1031 483 1038 526 .'

68 557 176 618 eodem
197 557 307 619 nuntio
328 560 468 622 Saufeius
490 561 578 622 fieret
594 559 703 622 certior
723 577 755 620 se
774 557 994 637 patrimonium
1119 559 1121 562 ’

68 650 204 712 amisisse
215 656 244 712 et
256 669 459 731 recuperasse.
472 653 557 714 Idem
568 653 724 714 L.Julium
736 651 886 723 CaNdum,
899 661 1019 728 queml
1112 710 1124 721 ,

55 751 135 825 vpost
147 745 280 807 Lucretii
295 740 465 829 Catullique
475 754 605 810 mortem
620 748 718 808 multo
731 745 992 825 elegantissimum

68 845 188 918 poetam
201 844 336 899 nostram
351 840 455 902 tulisse
468 846 598 902 aetatem
613 859 684 901 vere
700 839 806 900 videor
818 856 904 918 posse
918 856 990 898 oon·

67 932 211 1005 tendere,
228 951 327 1011 neque
341 934 444 995 minus
458 935 559 995 virum
572 936 690 995 bonum
711 933 893 1013 optimisque
917 932 992 992 arti·

65 1023 124 1085 bus
149 1025 320 1099 eruditum,
347 1032 415 1106 post
434 1028 683 1108 proscriptionem
707 1026 847 1107 equitum
868 1030 984 1104 propter
1092 1025 1098 1037 '

66 1135 192 1196 magnas
210 1117 277 1197 ejus
300 1119 455 1180 Abicanas
475 1120 677 1199 possessIones
698 1119 731 1179 in
751 1117 987 1198 proscriptorum

66 1227 231 1270 numerum
251 1228 270 1270 a
289 1213 325 1271 P.
342 1212 518 1285 Volumnio,
536 1214 686 1292 praefecto
706 1211 828 1272 fabrum
843 1210 985 1286 Antonii,
1000 1233 1014 1280 5

65 1304 220 1367 absentem
230 1307 378 1381 relatum,
391 1309 554 1387 expedivit.
568 1309 654 1380 Quod
669 1308 701 1395 in
716 1307 866 1386 praesenti
882 1312 988 1367 utrum

65 1397 92 1458 ci
104 1399 283 1461 laboriosius
296 1419 336 1460 an
357 1400 516 1480 gloriosius
526 1403 619 1463 fuerit
634 1400 757 1461 difficile
773 1404 819 1460 est
829 1399 985 1478 judicare,

37 1532 41 1537 -
64 1492 145 1571 quod
155 1493 188 1552 in
196 1512 303 1555 corum
317 1495 459 1574 periculis
469 1514 531 1556 non
545 1514 632 1557 secus
642 1496 783 1555 absentes
796 1512 888 1573 quam
899 1513 986 1574 prae·

63 1593 162 1648 sentes
172 1587 284 1648 amicos
295 1589 393 1649 Attico
404 1607 468 1649 esse
482 1607 572 1650 curae
584 1588 741 1667 cognitum
751 1593 808 1648 est.
846 1628 851 1641 ·

102 1681 168 1741 13.
192 1683 295 1761 Neque
310 1701 382 1744 vero
402 1682 453 1744 ille
473 1682 521 1745 vir
541 1683 645 1744 minus
657 1683 756 1744 bonus
770 1682 983 1761 paterfamilias
997 1705 1010 1754 e

62 1771 184 1835 habitus
204 1779 251 1835 est
270 1793 362 1854 quam
386 1775 472 1837 civis.
501 1778 578 1838 Nam
598 1795 670 1837 cum
690 1780 770 1836 esset
782 1776 982 1855 pecuniosus,

62 1883 152 1928 nemo
167 1867 219 1929 illo
233 1869 337 1929 minus
360 1869 420 1930 fuit
440 1888 544 1943 emax,
560 1869 663 1930 minus
674 1866 858 1931 aedificator.
880 1871 983 1948 Neque

61 1964 163 2022 tamen
178 1980 240 2023 non
255 1961 401 2041 inprimis
418 1963 496 2024 bene
507 1962 667 2037 habitavit,
683 1962 885 2041 omnibusque
904 1962 983 2042 opti·

62 2055 119 2115 mis
136 2055 229 2116 rebus
245 2075 321 2116 usus
336 2061 392 2118 est.
408 2057 485 2118 Nam
498 2057 626 2118 domum
641 2056 750 2116 habuit
768 2056 799 2116 in
814 2057 889 2118 colle
907 2057 1010 2127 Qui-a

61 2147 148 2208 rinali
162 2149 416 2228 Tamphilianam,
429 2150 468 2210 ab
478 2151 630 2211 avunculo
643 2148 811 2210 hereditate
825 2149 979 2224 relictam;

59 2242 145 2320 cujus
173 2243 340 2303 amoenitas
364 2263 426 2305 non
457 2243 611 2316 aedificio,
634 2243 687 2304 sed
715 2243 791 2304 silva
812 2245 978 2306 constabat.

59 2334 162 2413 lpsum
190 2336 273 2395 enim
306 2342 438 2411 tectum,
469 2338 638 2416 antiquitus
675 2337 887 2411 constitutum,
911 2341 979 2418 plus

58 2429 125 2489 salis
139 2448 232 2507 quam
244 2440 386 2510 sumptus
396 2432 546 2504 habehat;
561 2432 593 2489 in
607 2449 667 2509 quo
679 2430 756 2489 nihil
767 2432 976 2504 commutavit,

61 2521 151 2582 nisisi
172 2522 247 2601 quid
268 2529 418 2585 vetustate
434 2530 555 2585 coactus
573 2530 628 2584 est.
645 2525 723 2584 Usus
744 2529 790 2582 est
802 2523 934 2597 familia,
950 2525 974 2584 si
991 2546 1005 2590 s

57 2614 185 2676 utilitate
197 2616 399 2695 judicandum
410 2611 467 2691 est,
483 2619 615 2698 optima;
635 2616 660 2676 si
671 2618 779 2691 forma,
799 2618 851 2679 vix
864 2619 976 2681 medio-

56 2727 106 2770 cri.
124 2710 261 2787 Namque
273 2710 305 2768 in
316 2729 351 2770 ea
362 2715 447 2771 erant
459 2711 546 2790 pueri
558 2710 782 2783 litteratissimi,
794 2720 976 2791 anagnostae

55 2803 160 2880 optimi
187 2808 219 2863 et
241 2803 364 2883 plmimi
389 2804 522 2878 librarii,
539 2810 574 2864 ut
594 2823 633 2864 ne
648 2804 830 2882 pedisequus
851 2807 974 2883 quidem

54 2896 213 2975 quisquam
231 2903 326 2970 esset,
352 2897 487 2975 quinon
512 2903 678 2975 utrumque
705 2897 816 2957 horum
846 2901 972 2978 pulchre

53 2990 149 3050 facere
163 2994 280 3066 posset3
303 2990 368 3069 pari
387 2990 477 3051 modo
496 2989 627 3051 artifices
646 2989 736 3050 ceteri
750 3035 757 3062 ‚
773 3010 848 3068 quos
872 2995 971 3055 cultus

53 3082 235 3143 domesticus
249 3083 410 3156 desiderat,
426 3086 562 3164 apprime
577 3084 660 3144 boni.
682 3086 785 3162 Neque
802 3089 904 3145 tamen
916 3088 970 3148 lio·
984 3093 1013 3174 it

52 3193 119 3236 rum
133 3195 319 3255 quemquam
332 3177 390 3237 nisi
408 3178 490 3238 domi
505 3183 612 3236 natum
627 3177 769 3255 domique
783 3178 898 3238 iactum
914 3182 969 3241 ha·
1006 3193 1010 3241 t

51 3268 127 3342 buit,
137 3271 219 3348 quod
230 3271 402 3350 estsignum
411 3291 472 3333 non
485 3272 584 3332 solum
595 3271 798 3332 continentiae
813 3273 968 3335 sedetiam

51 3363 223 3444 diligentiae
249 3383 257 3426 ι
283 3384 354 3426 nam
376 3373 406 3427 et
419 3385 481 3427 non
494 3367 731 3445 intemperanter
745 3368 967 3446 concupiscere,
1015 3384 1018 3388 ’

50 3460 159 3538 quoda
174 3459 314 3539 plurimis
328 3460 446 3533 vidone,
460 3459 642 3521 continentis
665 3459 755 3520 debet
768 3459 857 3532 duci,
876 3468 907 3522 et
917 3483 967 3543 po-

51 3552 107 3614 tius
119 3555 277 3634 diligentia
286 3575 379 3635 quam
393 3557 490 3636 pretio
499 3574 605 3636 parare
618 3572 681 3615 non
691 3554 850 3615 mediocris
863 3558 967 3618 estin·

50 3645 332 3730 dustriae.chgans,
341 3669 401 3711 non
409 3649 601 3731 magnificus;
611 3649 798 3729 splendidus,
808 3665 869 3709 non
883 3669 993 3730 sum-3
