2430 4110
184 332 202 382 4
432 315 435 320 ’
520 327 543 377 l.
558 324 776 376 unnaousu.

186 433 298 513 quibus
314 431 445 512 singulis
461 449 588 494 suarum
601 429 726 491 urbium
749 434 899 510 perpetua
913 430 1045 494 dederat
1065 431 1125 496 im-

162 539 177 589 ‘t
186 529 282 608 peria.
299 528 348 589 Sic
363 527 446 587 enim
468 524 613 587 facillime
637 523 757 602 putavit
772 541 805 584 se
820 524 935 584 Graeca
949 524 1058 603 lingua
1074 527 1123 587 lo-

187 625 316 699 quentes
331 620 382 698 qui
400 618 501 679 Asiam
515 617 697 688 incolerent,
715 617 774 676 sub
789 634 845 676 sua
859 620 1056 679 retenturum
1070 638 1123 698 po-

187 720 309 787 testate,
323 713 533 775 siamieissuis
546 711 659 791 oppida
674 711 790 773 tuenda
803 711 990 787 tradidisset,
1008 715 1123 794 quibus

188 828 221 871 se
231 826 376 889 oppresso
388 807 473 867 nulla
485 826 555 885 spes
570 805 680 867 salutis
690 805 927 884 relinqueretur.
943 806 980 866 In
989 809 1049 870 hoc
1062 811 1124 873 suit

162 899 255 966 trum
264 921 394 965 numero
406 877 652 985 Miltiadesssllic,
667 920 738 962 eum
750 899 851 961 crebri
863 900 1009 962 afferrent
1019 905 1123 966 nuntii

188 999 268 1059 male
281 1016 347 1057 rem
362 1014 468 1074 gerere
483 997 607 1056 Darium
623 994 783 1074 premique
795 1013 813 1054 a
827 994 962 1072 Scythis,
978 998 1121 1061 hortatus

189 1100 236 1154 est
247 1092 348 1172 pontis
360 1091 502 1152 custodes
513 1110 551 1152 ue
563 1110 581 1150 a
592 1091 714 1151 fortuna
725 1091 830 1151 datam
842 1090 1033 1154 occasionem
1045 1094 1124 1157 libe-

150 1191 158 1206 ’
188 1187 303 1248 randae
325 1185 468 1247 Graeciae
493 1184 701 1246 dimitterent:
730 1201 803 1255 nam
826 1183 937 1244 sicum
960 1185 999 1257 iis
1025 1189 1121 1269 copiis

163 1290 265 1359 Aquas
278 1298 383 1341 secum
396 1283 630 1358 transportarat,
642 1277 800 1338 interisset
814 1278 934 1349 Darius,
949 1297 1010 1340 non
1020 1282 1122 1343 solum

96 1397 101 1406 ·
189 1376 343 1451 Europam
358 1373 421 1432 sore
439 1378 546 1443 tutam,
562 1370 617 1431 sed
633 1371 727 1431 etiam
742 1388 794 1430 eos
809 1370 862 1448 qui
878 1371 980 1431 Asiam
1005 1362 1121 1437 incole·

189 1473 269 1537 rent,
283 1467 391 1526 Graeci
406 1483 530 1544 genere,
545 1464 660 1526 liberos
675 1465 872 1524 aPersarum
883 1458 1006 1527 fut'uros
1021 1467 1120 1530 domi·

189 1559 313 1619 natione
331 1563 361 1618 et
375 1557 527 1636 periculo;
538 1557 570 1616 id
585 1562 617 1616 et
627 1555 802 1617 lacileeilici
812 1575 916 1634 posse:
931 1565 1026 1637 ponte
1038 1562 1122 1624 enim

189 1655 319 1715 rescisso
341 1671 459 1731 regem,
476 1653 526 1713 vel
547 1651 685 1712 hostiurn
700 1653 780 1712 ferro
799 1651 848 1711 vel
878 1652 993 1731 iuopia,
1019 1657 1125 1734 paucis

165 1749 300 1810 odiebus
326 1747 535 1808 interiturum.
561 1747 606 1806 Ad
629 1747 687 1806 hoe
710 1744 873 1806 eonsilium
896 1764 967 1807 cum
984 1749 1126 1829 plerique

189 1843 380 1914 accederent,
398 1842 554 1903 Histiaeus
569 1840 716 1911 Milesius,
734 1858 834 1901 neres
854 1840 1058 1903 conficeretur
1071 1843 1126 1905 oh-

191 1936 281 2009 stitit,
295 1935 421 1995 diceus:
442 1953 504 1994 non
520 1934 603 1994 idem
618 1932 704 2011 ipsis,
720 1932 773 2012 qui
788 1951 927 1994 summas
942 1935 1065 2014 imperii
1079 1942 1126 2000 te·

190 2027 465 2106 nerent‚expedire
477 2033 507 2088 et
518 2026 724 2100 multitudini,
742 2027 825 2105 quod
836 2027 918 2086 Darii
934 2046 1032 2108 regno
1047 2028 1127 2109 ipso-

191 2141 261 2182 rum
273 2122 426 2182 niteretur
437 2121 606 2182 dominatio
621 2139 628 2192 ;
646 2139 705 2199 quo
717 2119 868 2182 exstincto
880 2119 962 2199 ipsos
974 2128 1126 2202 potestate

190 2215 335 2293 expulsos
352 2215 470 2276 civibus
493 2215 557 2276 suis
571 2234 686 2294 poenas
709 2215 856 2288 daturos;
874 2215 978 2294 itaque
994 2217 1071 2279 adeo
1093 2237 1126 2280 so

191 2310 358 2369 abhorrere
384 2328 402 2369 a
427 2314 600 2369 ceterorum
624 2308 820 2381 consiliant
845 2308 925 2368 nihil
947 2314 1036 2389 putet
1051 2310 1127 2390 ipsis

191 2403 297 2463 utilius
311 2421 404 2480 qnam
415 2402 592 2463 confirmari
604 2421 737 2482 reguum
748 2404 926 2463 Persarum.
941 2403 1040 2482 Hujus
1055 2423 1127 2465 eum

167 2496 380 2558 osententiam
398 2495 522 2575 plurimi
543 2500 648 2557 essent
663 2496 771 2568 secuti,
789 2495 942 2557 Miltiades
956 2515 1020 2557 non
1036 2496 1128 2559 dubi-

192 2595 262 2650 tans
286 2593 350 2648 tam
372 2589 479 2649 multis
495 2588 625 2649 consciis
651 2588 690 2649 ad
713 2589 795 2668 regis
815 2606 905 2649 aures
923 2590 1052 2652 consilia
1072 2610 1128 2652 sua

192 2687 390 2763 perventura,
415 2684 641 2745 Chersonesum
664 2681 790 2761 reliquit
804 2701 839 2743 ac
863 2701 971 2743 rursus
991 2685 1127 2747 Athenas

192 2775 388 2854 demigravit.
405 2775 497 2854 Cujus
509 2777 587 2836 ratio
601 2776 659 2848 etsi
674 2794 737 2836 non
752 2777 862 2848 valuit,
880 2781 985 2837 tamen
1000 2797 1128 2858 magno-

192 2889 265 2948 pere
278 2873 325 2929 est
336 2869 503 2942 laudanda,
518 2889 589 2930 cum
598 2869 725 2931 amicior
736 2869 875 2930 omnium
886 2869 1023 2933 libertati
1036 2891 1129 2951 quam

193 2980 266 3022 snae
282 2962 375 3021 tuerit
390 2962 607 3023 dominationi.

146 3093 149 3099 ·
168 3084 179 3135 q
233 3065 269 3117 Δ.
286 3059 395 3116 Darius
418 3061 522 3117 antem
538 3075 609 3116 cum
624 3076 661 3117 ex
676 3059 797 3136 Europa
815 3057 848 3117 in
863 3056 967 3117 Asiam
984 3057 1127 3133 redisset,

193 3151 390 3211 hortantibus
405 3150 511 3210 amicis
528 3157 561 3211 nt
578 3152 738 3212 Graeciam
754 3153 910 3232 redigeret
924 3153 958 3212 in
974 3171 1063 3213 suam
1078 3173 1128 3235 po-

193 3255 349 3320 testatem,
373 3249 504 3309 classem
527 3249 770 3329 quingentarum
786 3251 912 3310 navium
927 3252 1126 3328 comparavit,

193 3344 282 3419 eique
299 3343 556 3420 Datimpraol'ccit
567 3349 598 3403 et
614 3345 852 3422 Artaphernem,
868 3344 977 3423 hisque
994 3344 1129 3406 ducenta

191 3434 1129 3514 peditum,‹lucernequitummiliadedit,cansaminterserens

192 3545 224 3587 se
238 3528 358 3586 hostem
370 3546 438 3587 esse
449 3529 699 3602 Atheniensibus,
711 3530 794 3606 qucd
804 3528 1129 3591 eorumauxr'liolones

166 3620 1129 3701 aSardisexpugnassentsuaquepraesidiainterfecissent.llli
