2430 4110
384 773 560 856 cottttll
587 781 749 859 nepotis

525 1050 610 1111 amna

110 1273 218 1401 ,llll
256 1275 714 1393 tltttttllltsslts
754 1276 995 1405 tu'clttl

340 1553 580 1619 EXTERARUM
611 1554 799 1618 GENTIUM.
847 1606 851 1615 ,

153 2171 219 2232 Non
243 2169 349 2232 dubito
372 2172 435 2233 fore
453 2172 629 2252 plerosque,
645 2175 752 2245 Attice,
781 2171 833 2252 qui
859 2171 916 2233 hcc
936 2189 1057 2251 genosi

113 2265 279 2344 scripturae
293 2265 360 2326 leve
379 2270 411 2326 et
424 2284 485 2326 non
503 2267 575 2327 satis
596 2267 723 2346 dignum
745 2285 936 2327 summorum
954 2265 1034 2324 viro-

113 2357 330 2437 rumpersonis
350 2358 504 2436 judicent,
530 2378 601 2420 cum
614 2361 745 2420 relatum
759 2361 861 2439 legent
873 2358 941 2437 quis
965 2378 1033 2417 mn-

114 2453 206 2514 sicam
221 2453 358 2513 docuerit
372 2454 624 2531 Epaminondam,
647 2461 700 2515 aut
724 2455 755 2515 in
780 2456 847 2534 ejus
871 2453 1035 2514 virtutibus

114 2545 343 2606 commemorari
358 2547 480 2606 saltasse
494 2566 566 2608 eum
577 2548 733 2608 commode
751 2549 939 2625 scienterque
955 2546 1035 2605 tibiis

115 2645 261 2699 cantasse.
285 2638 343 2700 Sed
370 2639 402 2698 hi
424 2645 515 2700 erunt
537 2641 600 2700 fere
623 2641 675 2718 qui
700 2647 837 2720 expertes
865 2641 1066 2702 litterarnma

61 2754 68 2763 ·
116 2733 298 2792 Graecarum
322 2731 399 2791 nihil
422 2737 551 2804 rectum,
569 2733 627 2792 nisi
651 2734 732 2811 quod
747 2734 881 2812 ipsoram
900 2733 1036 2792 moribus

114 2826 285 2900 conveniat,
301 2826 464 2904 putabunt.
482 2827 520 2886 lli
535 2827 559 2886 si
574 2826 735 2887 didicerint
749 2828 923 2887 noncadem
936 2826 1034 2886 omni-
1049 2845 1065 2890 a

114 2919 172 2980 bas
186 2920 251 2981 esse
265 2921 393 2981 honesta
406 2926 497 2999 atque
517 2922 634 3001 turpia,
648 2923 700 2983 sed
711 2923 813 2982 omnia
825 2923 977 3002 majorum
991 2921 1038 2980 in-

114 3014 374 3093 stitutisjudicari,
387 3034 448 3076 non
459 3016 693 3077 admirabuntur
704 3035 758 3078 uos
770 3017 801 3075 in
811 3018 970 3096 Grajorum
980 3017 1039 3077 vir·

115 3106 232 3167 tutibus
246 3108 430 3186 exponendis
445 3128 544 3170 mores
564 3129 671 3170 eorum
685 3115 814 3170 secutos.
832 3112 934 3188 Neque
956 3108 1066 3172 eniara

116 3199 232 3261 Cimoni
253 3201 313 3261 fuit
326 3207 426 3282 turpe,
439 3204 671 3265 Atheniensium
682 3205 802 3265 summo
816 3204 892 3273 viro,
905 3223 1038 3264 sororem
1078 3223 1089 3287 p

115 3312 293 3374 germanam
314 3297 426 3358 habere
449 3297 480 3357 in
502 3299 718 3371 matrimonio,
737 3300 849 3378 quippe
872 3316 942 3358 cum
959 3296 1038 3357 cives
1075 3335 1080 3378 ῑ

116 3389 181 3468 ejus
201 3389 309 3450 eodem
331 3396 495 3451 uterentur
519 3392 669 3465 institut03
686 3398 717 3453 at
739 3393 770 3452 id
791 3391 915 3470 quidem
929 3392 1039 3451 nostris
1077 3403 1083 3481 ζ

115 3482 252 3542 moribus
273 3483 358 3543 nefas
378 3484 519 3544 habetur.
540 3485 659 3564 Magnis
679 3485 710 3545 in
735 3484 878 3545 laudibus
899 3488 961 3543 tota
975 3484 1067 3552 feres

115 3577 172 3638 fuit
183 3576 309 3638 Graecia
324 3558 468 3640 vietdrem
484 3578 642 3658 Olympiae
661 3579 763 3652 citari3
781 3579 813 3638 in
827 3595 948 3638 scenam
966 3595 1039 3637 vcro

900 3671 915 3726 l
