2430 4110
200 369 233 420 20
566 364 595 413 V.
614 364 723 414 ClthN.
742 362 766 412 Ξ.

172 475 257 530 aser.
274 468 412 529 Habebat
432 470 535 526 autom
549 465 581 525 in
596 465 789 526 matrimonio
804 484 937 526 sororem
951 482 1130 545 germanam

200 585 287 625 suam
303 563 427 625 nomine
442 563 616 642 Elpinicen,
631 582 692 623 non
706 563 802 641 magis
820 581 922 622 amore
940 579 1030 640 quam
1046 576 1130 618 more

201 659 312 718 ductus
330 675 337 715 :
353 674 485 734 namque
497 654 734 715 Atheniensibus
744 655 815 714 licet
830 655 936 714 eodem
948 659 1033 732 patre
1045 657 1131 710 natas

174 761 310 812 sorores
323 752 446 811 ducere.
465 749 564 827 Hnjus
585 748 718 826 conjugii
734 747 864 826 cupidus
880 745 1129 822 Galliasquidam,

125 896 128 903 .
202 863 263 903 non
279 849 341 902 tam
356 859 521 920 generosus
534 859 626 916 quam
647 839 839 917 pecuniosus,
863 838 915 916 qui
938 855 1063 915 magnas
1079 853 1130 913 pe·

202 937 306 996 eunias
322 954 358 995 ex
384 934 513 994 metallis
535 934 662 1004 lecerat,
685 933 747 1010 egit
761 951 832 992 cum
850 932 990 1002 Cimone,
1015 936 1049 989 ut
1064 947 1131 989 eam

203 1029 259 1088 sibi
286 1046 411 1087 uxorem
426 1028 512 1087 daret
530 1044 536 1084 :
553 1026 584 1085 id
605 1024 629 1085 si
647 1026 845 1103 impetrasset,
860 1045 891 1086 se
909 1044 963 1104 pro
981 1025 1030 1084 illo
1041 1041 1131 1102 pecu-

176 1122 287 1181 tniam
306 1121 491 1180 soluturum.
520 1120 548 1178 Is
570 1137 641 1177 cum
663 1118 754 1176 talem
771 1116 974 1177 conditionem
989 1134 1131 1194 asperna-

202 1218 298 1283 retur,
312 1211 446 1290 Elpinice
460 1211 581 1289 negavit
594 1229 625 1269 se
634 1228 792 1287 passuram
804 1209 947 1269 Miltiadis
956 1209 1132 1287 progeniem

203 1307 234 1366 in
250 1306 358 1366 vinclis
371 1305 501 1384 publicis
520 1304 655 1374 interire,
674 1303 817 1379 quoniam
833 1302 993 1380 prohibere
1011 1306 1129 1380 posset,

204 1418 299 1477 seque
323 1399 432 1458 Calliae
454 1401 620 1474 nupturam
634 1440 641 1466 ,
654 1395 679 1454 si
691 1413 726 1454 ea
749 1414 825 1472 quae
837 1395 1029 1473 polliceretur
1042 1414 1131 1474 prae·

204 1492 338 1552 stitisset.
1042 1476 1048 1488 ⁶

178 1605 189 1649 1
248 1585 287 1642 2.
305 1582 368 1642 Tali
387 1581 476 1641 modo
499 1579 635 1638 custodia
648 1579 793 1639 liberatus
815 1580 920 1640 Cimon
934 1579 1071 1639 celeriter
1094 1581 1132 1640 ad

205 1675 408 1754 principatum
421 1673 571 1751 pervenit.
588 1672 725 1730 Habebat
740 1672 822 1731 eninr
836 1672 908 1731 satis
922 1672 1129 1749 eloquentiae,

206 1787 357 1828 summam
371 1765 595 1836 liberalitatem,
609 1782 749 1842 magnam
760 1764 954 1843 prudentiam
973 1783 1042 1823 cum
1053 1764 1132 1842 juris

206 1861 303 1921 civilis
324 1866 391 1919 tum
407 1859 450 1918 rei
471 1858 626 1928 militaris,
643 1859 724 1936 quod
747 1876 816 1917 cunr
832 1864 916 1937 patre
943 1878 960 1917 a
985 1878 1079 1937 puero
1101 1859 1131 1917 in

206 1955 387 2015 exercitibus
406 1955 506 2013 luerat
520 1958 668 2013 versatus
686 1955 792 2031 ltaque
808 1954 856 2012 hic
875 1959 905 2013 et
919 1954 1067 2032 populum
1080 1974 1132 2014 ur-

206 2049 320 2107 banum
333 2047 362 2105 in
379 2067 433 2105 sua
448 2047 546 2105 tenuit
561 2051 719 2124 potestate,
730 2051 761 2106 ct
772 2046 852 2124 apud
862 2047 1028 2106 exercitum
1039 2048 1132 2126 pluri-

177 2159 293 2204 amum
328 2143 424 2203 valuit
456 2144 646 2204 auctoritate.
686 2142 826 2203 Primum
855 2143 1018 2221 imperator
1051 2147 1132 2223 apud
1195 2219 1200 2228 ι

122 2243 168 2302 ’4ῖ
181 2237 321 2298 Olumen
333 2239 496 2314 Strymona
514 2256 639 2314 magnas
654 2236 753 2314 copias
767 2238 919 2296 Threcum
938 2238 1066 2311 fugavit,
1082 2258 1133 2318 op-

204 2331 310 2409 pidum
325 2330 532 2408 Amphipolim
544 2329 711 2400 constituit‚
725 2347 820 2406 eoque
829 2329 933 2388 decem
945 2329 1028 2388 milia
1038 2332 1132 2392 Athe·

206 2423 360 2482 niensium
373 2422 404 2480 in
415 2422 563 2482 coloniam
575 2420 668 2480 misit.
683 2421 767 2480 Idem
780 2422 890 2480 ilerum
902 2422 983 2500 apud
995 2424 1132 2501 Mycalen

135 2528 195 2585 4ssss
210 2516 390 2594 Cypriorum
405 2520 435 2574 et
450 2516 639 2574 Phoenicum
655 2513 857 2574 ducentarum
872 2516 997 2574 navium
1008 2517 1133 2577 classem

160 2604 358 2667 'adevictam
380 2607 478 2684 cepit,
506 2608 674 2684 eodemque
697 2607 746 2668 die
764 2609 829 2687 pari
853 2610 976 2668 fortuna
997 2609 1027 2668 in
1053 2615 1134 2672 terra

205 2721 279 2762 usus
303 2706 347 2762 cst
362 2746 369 2771 ,
387 2720 518 2779 namque
543 2701 678 2761 hostiurn
701 2702 830 2762 navibus
853 2705 946 2781 captis
973 2704 1075 2764 statim
1097 2726 1133 2767 ex

205 2797 297 2855 classe
311 2794 410 2872 copias
423 2813 491 2854 suas
504 2794 886 2873 eduxit,barbarorumque
896 2796 1060 2857 maximam
1069 2799 1133 2859 vim

160 2876 193 2960 '4
210 2906 270 2948 uno
293 2906 444 2948 concursu
466 2889 638 2967 prostravit.
655 2889 721 2958 Qua
745 2888 869 2949 victoria
887 2907 997 2968 magna
1023 2892 1134 2970 praeda

205 2987 318 3062 potitus
331 3005 402 3045 cum
422 2985 548 3046 domum
561 2992 782 3057 reverteretur,
799 2987 878 3065 quod
891 2988 955 3064 jam
968 2990 1133 3051 nonnullae

205 3077 322 3138 insulae
337 3084 459 3158 propter
482 3080 676 3140 acerbitatem
700 3081 817 3158 imperii
844 3081 1035 3153 defecerant,
1056 3083 1133 3144 hene

183 3185 187 3192 ·
207 3171 354 3232 animatas
366 3172 569 3242 confirmavit,
587 3173 731 3233 alienatas
744 3173 782 3232 ad
797 3173 932 3233 officium
947 3175 1046 3235 redire
1064 3184 1131 3238 rot·

178 3283 193 3328 5
206 3264 260 3341 gir.
274 3266 414 3342 Scyrum,
427 3284 518 3342 quam
531 3285 566 3326 eo
577 3265 846 3345 temporeDolbpes
858 3266 1039 3337 incolebant,
1052 3269 1132 3346 quod

135 3365 153 3423 t
162 3368 195 3426 50
206 3361 415 3420 contumacius
430 3367 645 3440 sogesserunt,
669 3361 849 3432 vacuefecit,
871 3381 1001 3422 sessores
1016 3369 1134 3426 veteres

205 3453 281 3512 urbe
294 3453 452 3531 insulaque
461 3455 560 3532 eyecit,
576 3474 664 3533 agros
672 3455 790 3514 civibus
802 3455 915 3514 divisit.
930 3455 1133 3535 Thasiosopu·

139 3547 197 3607 toa
210 3546 303 3606 lentia
317 3548 410 3607 fretos
431 3567 486 3608 suo
503 3549 637 3609 adventu
656 3549 758 3627 fregit.
782 3548 835 3608 ilis
857 3568 893 3608 ex
907 3549 1061 3611 manubiis
1082 3570 1132 3612 arx

212 3640 402 3700 Athenarum
417 3659 494 3721 quae
512 3642 547 3701 ad
563 3642 722 3702 meridiem
735 3642 831 3721 vergit
844 3647 887 3702 est
900 3647 1017 3703 ornata.
