2430 4110
203 385 256 436 XV.
272 383 501 435 Erilulo'oa'uos
519 385 556 434 10.
571 383 633 432 xvl.
648 383 832 436 eutlrrluls.
849 385 871 435 l.
978 385 1010 434 63

118 497 177 550 10.
193 489 249 549 llio
261 507 390 550 uxorem
401 507 574 568 numquam
587 486 685 547 duxit.
702 487 738 547 In
750 506 810 566 quo
822 506 894 548 cum
905 501 1031 566 repre-l

71 583 277 652 henderctur‚
305 600 323 640 a
340 580 497 659 PelopIda,
514 580 567 659 qui
589 579 688 639 filium
704 579 839 640 habehat
850 580 1010 651 infamem,

72 677 216 756 maleque
230 693 303 736 eum
314 674 348 734 in
360 693 396 735 eo
408 675 524 752 patriae
536 672 696 733 consulere
709 672 837 747 diceret,
848 673 1013 753 quodlibe-

72 786 125 831 ros
139 789 204 830 non
220 769 423 847 relinqueret,
443 767 524 842 Vide,
540 765 653 844 inquit,
667 785 703 826 ue
714 774 747 826 tu
758 768 846 845 pejus
858 766 1009 836 consular,

73 865 129 945 qui
143 863 235 924 talem
250 881 291 922 em
307 869 335 921 te
350 868 457 921 nolum
468 861 635 920 relicturos
650 859 706 919 sir.
718 862 821 940 Neque
833 879 904 921 oero
918 861 1038 937 rtz'rprp

65 964 169 1040 ‘potest
191 953 269 1014 mihi
287 953 403 1014 deesse:
419 971 548 1031 namque
564 971 605 1012 eae
620 970 667 1011 me
682 960 787 1012 azotum
804 952 941 1032 relinque
953 970 1013 1031 pu-

71 1069 168 1131 poam
187 1047 388 1122 Leuctricam,
406 1064 481 1129 quae
496 1065 556 1106 aea
570 1045 658 1106 modo
680 1044 757 1106 orihi
780 1053 934 1125 superstes
961 1043 1014 1105 sed

73 1147 167 1206 etiem
183 1142 369 1204 immortalis
384 1142 425 1202 sit
439 1159 558 1201 necesse
570 1147 625 1200 est.
639 1141 703 1210 Ouo
716 1145 855 1218 tempore
870 1140 947 1199 duce
960 1141 1039 1203 Pe·5

73 1237 177 1315 lepida
189 1233 312 1296 exsules
327 1233 449 1296 Thebas
464 1236 654 1310 occuparunt
668 1236 700 1292 et
715 1231 905 1310 praesidium
920 1233 1015 1291 Laee-

74 1328 312 1391 daemoniorum
348 1344 386 1386 ex
422 1345 491 1386 aree
509 1372 512 1378 .
527 1326 729 1404 expulerunt,
767 1326 1012 1404 Epaminondas,

74 1422 226 1503 quamdiu
241 1423 321 1480 l'aota
331 1426 380 1480 est
391 1420 500 1480 caedes
512 1421 638 1492 civmm,
653 1420 744 1480 domo
758 1439 791 1480 se
803 1420 916 1492 tenuit,
932 1420 1015 1498 quod

74 1535 179 1595 neque
201 1513 370 1576 defendere
386 1513 483 1572 malos
498 1513 622 1573 volebat
636 1532 737 1591 neque
760 1513 957 1593 impugnare,
975 1531 1015 1572 ne

73 1630 187 1672 manus
211 1627 339 1668 suorum
354 1608 506 1685 sanguine
522 1613 719 1669 cruentaret:
737 1629 872 1689 namque
890 1627 1015 1670 omnem

74 1703 200 1763 civilem
226 1700 387 1759 victoriam
407 1703 563 1760 funestam
578 1702 717 1779 putabat.
735 1701 834 1774 Idem,
852 1708 1015 1781 postquam

73 1797 157 1876 apud
173 1796 340 1855 Cadmeam
365 1813 435 1853 cum
450 1795 702 1856 Lacedaemoniis
717 1797 850 1876 pugnari
872 1801 1015 1874 coeptum

74 1896 135 1961 est,
149 1890 183 1948 in
208 1886 317 1965 primis
331 1887 426 1947 stetit.
444 1888 544 1966 Hujus
559 1887 597 1949 de
613 1889 781 1951 virtutihus
795 1890 920 1969 vitaque
937 1890 1038 1950 satist

74 1982 135 2043 erit
149 1980 280 2050 dietum,
305 1979 330 2039 si
356 1980 413 2040 hoe
429 1999 527 2039 unum
542 1981 724 2059 adjunxero,
748 1983 832 2061 quod
846 2001 938 2042 nemo
961 1981 1018 2042 ibit

74 2074 212 2134 infitias:
230 2072 352 2133 Thebas
367 2078 399 2132 et
412 2078 484 2133 ante
508 2073 756 2151 Epaminondam
770 2080 879 2135 natum
902 2080 934 2134 et
948 2080 1018 2152 post

74 2169 218 2248 ejusdem
233 2167 397 2227 interitum
423 2173 572 2245 perpetuo
595 2169 696 2229 alieno
712 2169 852 2247 paruisse
874 2170 1013 2248 imperio,

73 2267 183 2322 eontra
198 2279 236 2320 ea
261 2260 412 2337 quamdiu
435 2260 485 2319 ille
502 2261 670 2338 praefuerit
696 2262 907 2340 reipublicae,
924 2267 1016 2340 caput

73 2355 169 2414 luisse
182 2352 278 2413 totius
290 2353 447 2414 Graeciae.
461 2354 505 2412 Ex
520 2371 580 2432 quo
597 2352 726 2433 intelligi
740 2359 843 2433 potest
854 2374 951 2415 unum
963 2357 1016 2415 ho·

73 2447 194 2509 minem
206 2445 304 2523 pluris
318 2464 412 2523 quam
427 2445 583 2505 civitatem
598 2446 704 2508 fuisse.

382 2639 462 2700 xri.
480 2638 707 2705 Panormos,

116 2832 150 2884 1.
162 2821 528 2894 PruoriuasThehanus,
542 2821 641 2898 magis
654 2820 807 2882 historicis
819 2842 912 2901 quam
921 2823 1036 2902 vulg01

74 2922 179 2977 notus,
191 2918 286 2994 Cujus
297 2916 335 2976 de
347 2915 514 2976 virtutihus
525 2914 633 2974 dubito
643 2916 906 2993 quemadmodum
921 2936 1013 2995 expo-

73 3031 160 3083 nam,
177 3010 260 3089 qnod
285 3028 406 3081 vereor,
431 3008 457 3068 si
483 3028 532 3069 res
548 3007 699 3087 explicare
715 3008 872 3089 incipiam,
896 3030 936 3070 ne
950 3029 1014 3072 non

56 3098 172 3163 “vitam
187 3103 254 3181 ejus
271 3120 429 3173 enarrare,
448 3101 502 3160 sed
517 3100 680 3161 historiam
694 3103 800 3162 videar
815 3103 969 3175 scrihere3
988 3106 1014 3164 si

73 3196 292 3256 tantummodo
309 3214 447 3255 summas
460 3194 604 3272 attigero,
621 3213 660 3255 ne
683 3195 812 3256 rudibus
828 3199 1014 3258 Graecarum

72 3289 252 3349 litterarum
275 3288 379 3348 minus
392 3287 525 3347 dilucide
541 3294 689 3366 appareat
704 3295 838 3367 quantus
855 3291 948 3351 luerit
962 3291 1013 3351 ille

72 3385 131 3444 vir.
150 3384 260 3460 Itaque
272 3382 397 3460 utrique
410 3382 454 3442 rei
469 3398 639 3455 occurram,
654 3388 806 3461 quantum
828 3390 969 3463 potuero,
983 3390 1015 3446 et

72 3479 225 3540 medebor
237 3496 308 3537 eum
315 3477 450 3537 satietati
463 3481 530 3536 tum
541 3476 901 3554 ignorantiaeleetorum.
916 3480 1038 3539 Phoe-2

72 3571 163 3632 hIdas
176 3568 449 3638 Lacedaemonius,
464 3586 535 3627 eum
549 3568 720 3630 exereitum
734 3570 907 3649 Olynthum
919 3571 1013 3631 duee·
1037 3584 1096 3644 382
1181 3549 1182 3553 Ἰ

74 3671 121 3726 ret
134 3666 256 3742 iterque
268 3679 325 3739 per
335 3661 457 3722 Thebas
467 3661 592 3735 laceret,
605 3680 709 3723 arcem
720 3663 836 3742 oppidi,
849 3681 927 3742 quae
940 3663 1014 3726 Cad-

1042 3787 1067 3842 R
