2430 4110
168 338 200 388 il
451 340 539 389 xvttl.
560 339 718 389 EUMENES.
738 340 762 389 l.
783 340 807 391 5.

171 443 239 498 tum
260 443 347 498 erant
365 439 446 498 fama
465 457 525 517 qua
544 458 626 498 nime
648 439 773 500 Romani
795 441 938 500 feruntur
956 441 1093 505 :etenim

168 549 287 609 semper
300 531 396 592 hahiti
417 535 489 593 sunt
500 531 654 592 fortissimi
668 532 721 611 qui
742 537 856 593 summi
906 534 1025 612 imperii
1040 554 1093 613 po.

170 623 324 707 tirentur),
350 627 503 688 Eumenes
517 626 718 706 intelligebat,
731 627 756 687 si
771 627 871 706 copiae
884 647 957 688 suae
967 647 1095 708 cognos-

105 745 109 751 ·
169 728 237 785 seut
253 722 398 784 adversus
412 744 488 804 quos
501 725 696 796 ducerentur,
719 744 780 784 non
795 727 884 785 modo
898 744 959 786 uon
978 726 1092 801 iturae,

144 817 222 877 tsed
238 815 330 876 simul
345 834 415 876 cum
439 818 547 877 nuntio
562 817 862 897 dilapsuras-ltaque
880 820 937 879 lroc
951 819 979 879 ei
993 820 1112 880 visum¹

168 915 214 970 est
227 909 519 988 prudentissimum,
539 914 574 970 ut
587 910 683 969 deviis
697 910 857 971 itineribus
875 912 987 972 milites
1001 914 1095 975 duee-

168 1008 226 1075 ret,
239 1004 272 1063 in
285 1003 397 1081 quihus
410 1022 483 1063 vera
497 1003 602 1063 audire
623 1023 684 1062 non
699 1010 837 1081 possent,
853 1011 884 1065 et
919 1005 954 1065 iis
971 1024 1095 1084 persua·

141 1098 255 1166 ederet
278 1118 310 1160 se
334 1105 438 1160 contra
462 1098 607 1177 quosdam
633 1099 775 1159 barbaros
802 1098 961 1177 proticisci.
995 1105 1095 1178 Atque

167 1193 269 1253 tenuit
291 1195 348 1254 hoo
366 1193 571 1272 propositum,
601 1199 631 1253 ct
650 1193 735 1271 prius
755 1192 784 1251 in
805 1193 899 1252 aciem
927 1198 1094 1277 exercitum

167 1287 272 1348 eduxit
284 1288 495 1366 proeliumque
517 1286 667 1348 commisit
686 1305 777 1364 quam
792 1287 904 1346 milites
921 1288 968 1345 sui
983 1287 1095 1348 scirent

169 1398 240 1440 cum
258 1380 369 1458 quihus
384 1399 468 1440 arma
484 1366 792 1444 conferrentKEffecit
809 1380 900 1439 etiam
925 1379 1093 1453 illud,loeo·

169 1492 239 1532 rum
260 1473 545 1552 praeoccupatione,
575 1478 610 1533 ut
631 1474 766 1552 equitatu
794 1474 893 1552 potius
916 1472 1091 1546 dimicaret,

169 1585 229 1645 quo
240 1566 308 1644 plus
323 1565 452 1637 valebat,
469 1584 560 1644 quam
575 1567 730 1644 peditatu,
746 1585 806 1643 quo
818 1577 881 1625 erat
892 1566 1051 1626 deteriore.

146 1672 156 1716 1
206 1661 246 1717 11.
264 1658 400 1728 Quorum
414 1659 560 1718 acerrimo
577 1676 724 1717 concursu
737 1677 807 1717 cum
822 1677 965 1736 magnam
978 1663 1091 1736 partem

170 1751 229 1812 diei
253 1755 331 1810 esset
385 1757 571 1828 pugnaturn,
589 1750 668 1810 eadit
682 1752 817 1811 Crateros
836 1752 897 1809 dux
913 1756 943 1810 et
964 1753 1092 1829 Neopto-

82 1908 87 1919 ,
170 1849 284 1921 lemuS,
297 1853 349 1926 qni
362 1848 531 1907 secundnm
546 1849 646 1908 locum
663 1848 782 1926 imperii
797 1849 930 1908 tenebat.
948 1850 1022 1909 Cum
1039 1851 1094 1909 lroc

147 1942 326 2002 zeoneurrit
347 1941 410 2019 ipsc
435 1941 678 2011 Emenmfflui
704 1959 773 2000 cum
799 1941 877 2001 inter
899 1961 930 2002 se
947 1943 1094 2025 complexi

170 2036 202 2094 in
216 2039 327 2095 terram
342 2053 378 2094 ex
390 2033 475 2111 cquis
486 2034 677 2104 decidissent,
692 2038 724 2093 ut
733 2035 820 2095 facile
834 2035 962 2113 intelligi
973 2015 1112 2127 posseidl

98 2199 105 2213 ο
170 2128 292 2188 inimica
313 2132 416 2189 mente
430 2127 619 2189 contendisse
643 2127 805 2205 animoou'e
826 2129 922 2207 magis
937 2130 1027 2190 etiam
1041 2152 1096 2210 pu·

170 2240 276 2299 gnasse
297 2240 388 2325 quarn
404 2240 548 2299 corpore,
570 2240 630 2280 non
652 2239 688 2298 pr
690 2239 737 2280 tus
755 2221 888 2281 distracti
914 2228 985 2283 sunt
1002 2243 1096 2302 quam

92 2340 97 2347 ·
171 2314 301 2374 alterum
335 2314 437 2372 anima
466 2314 672 2392 relinqueret>
696 2314 741 2373 Ab
765 2314 822 2374 hoo
853 2315 968 2393 aliquot
999 2318 1096 2397 plagis

133 2408 323 2501 Eumenes
336 2406 533 2478 vulneratur,
550 2424 648 2482 neque
659 2424 694 2464 eo
708 2405 805 2485 mauis
819 2425 854 2466 ex
850 2394 982 2486 proelio
992 2429 1096 2471 exces-

133 2452 221 2571 asit,
197 2499 287 2560 tsed
304 2499 403 2560 acrius
416 2499 484 2559 host
472 2504 517 2558 tes
532 2498 652 2558 insistit.
657 2490 732 2557 *Hic
746 2499 899 2576 equitibus
909 2502 1093 2581 piossiguis,

171 2595 328 2655 interfecto
352 2594 430 2654 duce
453 2595 590 2665 Cratero,
608 2594 713 2653 multis
738 2612 783 2671 pr
774 2597 892 2654 icteiea
911 2599 944 2653 et
963 2596 1097 2658 maxime

171 2688 324 2748 nobilibus
346 2688 451 2766 captis
463 2688 602 2765 pedester
622 2687 771 2747 exercitus
781 2733 790 2762 ,
817 2685 898 2764 quod
920 2686 951 2746 in
976 2707 1013 2748 ea
1030 2689 1097 2751 loca

171 2781 390 2843 eratdeductus
401 2786 436 2841 ut
447 2781 542 2841 invite
553 2783 690 2845 Eumene
704 2780 782 2840 elabi
793 2799 854 2840 non
866 2785 976 2857 posset,
990 2800 1097 2861 pacem

171 2873 209 2933 ab
223 2893 259 2935 eo
271 2872 346 2952 petit
361 2890 370 2947 ;
385 2892 477 2953 quam
493 2892 563 2934 cum
575 2874 774 2952 impetrasset,
788 2873 820 2931 in
832 2869 891 2933 fide
908 2892 968 2934 non
984 2876 1098 2938 mansit

144 2976 202 3038 ret
216 2989 259 3042 se,
274 2969 401 3030 simulac
416 2970 528 3047 potuit,
545 2970 582 3030 ad
597 2970 790 3047 Antipatrum
804 2968 928 3047 recepit.
943 2971 1098 3032 Eumenes

171 3066 328 3125 Craterum
342 3082 379 3123 ex
393 3062 456 3123 acie
475 3062 657 3123 semivivum
673 3064 787 3122 elatum
800 3081 936 3124 recreare
953 3065 1096 3141 ,studuit;

171 3175 242 3218 cum
262 3156 293 3216 id
311 3175 372 3216 non
386 3160 505 3234 posset,
526 3155 725 3234 pronominis
745 3155 893 3234 dignitate
906 3157 1098 3238 proque'pri·

170 3250 249 3309 stina
272 3249 401 3310 amicitia
419 3247 561 3330 (namque
590 3249 641 3310 illo
661 3268 736 3310 usus
751 3253 816 3310 mat
839 3251 1010 3314 Alexandro
1025 3251 1098 3315 vivo

171 3341 367 3424 tantillariter)
384 3345 484 3422 amplo
503 3345 610 3404 funere
631 3344 751 3413 extulit,
772 3330 898 3423 ossaque
911 3345 942 3405 in
956 3347 1095 3409 Macedo·

171 3439 250 3496 niam
267 3436 350 3496 uxori
367 3437 432 3513 ejus
443 3456 477 3496 ac
489 3437 726 3497 liberisremisit.

143 3560 154 3606 ς
213 3532 252 3588 5.
274 3531 354 3588 llaec
369 3528 444 3588 dum
459 3529 540 3607 apud
554 3530 783 3609 Hellespontum
797 3535 958 3610 geruntur,
972 3535 1093 3596 Perdic-

166 3641 216 3686 cas
234 3622 314 3702 apud
326 3620 429 3682 Nilum
439 3620 553 3683 flumen
569 3620 751 3684 interficitur
765 3624 803 3685 ab
817 3623 944 3685 Seleuco
961 3629 993 3687 et
1010 3624 1097 3688 Anti·-
