2430 4110
358 380 400 431 lll.
416 379 589 432 Anlsrtbes.
603 378 626 429 ἓ.
637 380 663 430 5.
952 377 985 427 15

51 487 174 568 gnitum
190 492 237 549 cst
252 491 366 565 quanto
381 490 552 546 antestaret
573 485 750 564 eloquentia
775 484 981 550 innocentiae.

50 586 243 660 Quamquam
256 580 339 641 euim
352 581 430 641 adeo
442 579 613 641 excellebat
623 578 773 641 Aristides
784 564 981 654 abstinentia,

50 681 86 736 ut
101 694 183 736 unus
198 679 267 754 post
281 673 444 734 hominum
459 673 654 746 memoriam,
679 691 771 751 quem
787 673 912 751 quidem
928 693 984 735 nos

51 768 255 840 audierimus
271 767 455 845 cognomine
469 768 577 828 ,Iustus
593 767 633 828 sit
644 767 829 846 appellatus,
848 773 951 829 tamen
967 789 985 830 a

51 861 261 922 Themistocle
273 849 501 933 collabefactus,
512 860 625 921 testula
636 860 690 920 illa
700 860 920 922 cxsiliodecem
933 880 986 922 an·
1006 850 1067 910 485

53 973 165 1014 nerum
180 954 330 1014 multatus
345 959 403 1015 est.
434 953 490 1024 Qui
506 953 630 1031 quidem
647 972 717 1014 eum
733 952 922 1032 intelligeret
935 959 1010 1017 re·5

29 1083 32 1088 ·
54 1048 148 1129 primi
164 1050 348 1110 concitatam
363 1047 598 1108 multitudinem
613 1065 674 1107 non
694 1065 795 1126 posse,
812 1048 987 1129 cedensque

54 1141 325 1205 animadvertisset
335 1141 490 1220 quendam
504 1140 691 1202 scribentem
703 1146 738 1201 ut
749 1140 847 1220 patria
858 1143 987 1221 pellere·

54 1243 116 1309 tur,
133 1236 293 1315 quaesisse
308 1237 347 1298 ab
362 1254 398 1297 ee
413 1235 528 1297 dieitur
542 1253 636 1314 quare
651 1235 682 1296 id
697 1237 820 1308 faceret,
837 1242 891 1296 aut
913 1238 986 1316 quid

55 1328 204 1391 Aristides
226 1328 443 1400 commisisset,
467 1332 621 1389 curtante
646 1346 744 1407 pecua
763 1328 876 1407 dignus
893 1330 987 1391 duce·

55 1427 154 1482 retur.
167 1421 221 1484 Cui
236 1421 288 1483 ille
301 1421 461 1500 respondit
477 1439 510 1481 se
524 1420 667 1499 ignorare
682 1421 848 1496 Aristiden,
862 1423 917 1483 sed
929 1422 1013 1484 sibit

55 1537 117 1579 nen
134 1519 256 1598 plaeere
270 1518 352 1596 quod
373 1522 438 1578 tam
460 1516 572 1596 cupide
596 1517 794 1589 elaborasset,
817 1522 853 1576 nt
868 1524 991 1597 praeter

56 1620 178 1676 eeteros
193 1615 300 1675 lustus
315 1613 536 1691 appellaretur.
552 1612 609 1673 Hic
624 1613 730 1673 decem
748 1631 899 1674 antrorum
914 1605 1015 1693 legi-5

57 1708 167 1768 timam
179 1725 310 1788 poenam
327 1725 389 1767 non
404 1707 543 1786 pertulit.
561 1708 638 1766 Nam
654 1712 816 1785 postquam
833 1709 949 1769 Xerxes
961 1711 993 1769 iu
1016 1709 1075 1769 480

57 1803 219 1864 Graeciam
231 1801 405 1874 descendit,
423 1806 509 1862 sexto
524 1803 587 1862 fere
599 1819 680 1861 anno
696 1819 789 1880 quam
805 1808 872 1864 erat
885 1806 993 1884 expul-

58 1898 243 1978 sus,·populi
259 1898 336 1958 seito
351 1898 384 1956 in
400 1897 530 1976 patriam
544 1897 707 1958 restitutus
722 1903 780 1959 est.

100 1997 135 2052 2.
166 1989 310 2060 Interfuit
337 1993 442 2049 autem
466 2006 588 2067 pugnae
609 1990 711 2050 navali
726 1991 808 2071 apud
826 1993 1016 2067 Salamina,1

59 2104 137 2163 qaae
162 2085 313 2145 factaest
333 2083 419 2162 prins
441 2100 534 2160 quam
559 2101 658 2162 poena
682 2082 877 2146 liberaretur.
908 2088 995 2147 Idem

59 2178 257 2259 praeterfuit
282 2177 518 2239 Atheniensium
541 2177 624 2256 apud
650 2177 802 2251 Plataeas,
830 2179 863 2240 in
878 2181 995 2259 proelio
1017 2186 1076 2242 479

60 2290 121 2350 quo
136 2267 340 2332 harbarorum
355 2269 507 2329 exercitus
519 2270 606 2353 fusus
619 2274 649 2330 et
660 2270 837 2333 Mardonius
851 2272 996 2334 interfec-

60 2370 111 2426 tus
136 2368 194 2445 est.
218 2364 323 2441 Neque
345 2361 429 2423 aliud
451 2367 499 2423 est
517 2362 617 2422 ullum
641 2364 734 2442 hujus
757 2364 789 2423 in
811 2383 844 2426 re
869 2365 1021 2425 militarit·

61 2458 182 2518 illustre
196 2455 312 2516 factum
328 2473 422 2533 quam
436 2453 531 2533 hujus
546 2455 667 2532 imperii
681 2455 847 2530 memoria,
857 2457 997 2534 justitiae

60 2571 134 2614 vero
150 2555 182 2612 et
192 2549 357 2628 aequitatis
374 2554 405 2610 et
416 2549 610 2610 innocentiae
624 2550 734 2624 multa,
752 2550 784 2610 in
796 2552 904 2630 primis
916 2552 997 2630 quod

61 2645 131 2724 ejus
140 2643 295 2722 aequitate
309 2643 425 2703 factum
438 2647 496 2715 est,
510 2661 581 2703 cum
594 2643 626 2703 in
638 2646 794 2705 communi
808 2646 905 2706 classe
918 2651 1001 2707 esset

64 2736 211 2799 Graeciae
226 2736 320 2796 simul
335 2755 406 2796 eum
422 2738 584 2809 Pausania,
602 2741 639 2796 ut
653 2756 776 2798 summa
792 2739 915 2817 imperii
932 2758 998 2799 ma·
1020 2743 1081 2804 474

63 2827 158 2911 ritimi
174 2831 213 2892 ab
227 2830 479 2892 Lacedaemoniis
494 2832 714 2892 transferretur
725 2834 763 2893 ad
780 2834 1026 2905 Atheniensesd

64 2926 204 3003 Namque
218 2930 290 2986 ante
304 2926 336 2986 id
352 2930 476 3005 tempus
492 2931 523 2986 et
547 2926 626 2986 mari
649 2932 681 2988 et
701 2931 785 2988 terra
800 2928 897 2990 duces
913 2934 1003 2993 erant

63 3018 310 3079 Lacedaemonii.
327 3018 405 3077 Tum
418 3024 522 3079 autem
536 3024 567 3078 et
576 3019 815 3099 intemperantia
831 3018 1003 3084 Pausaniae¹

64 3120 95 3175 et
105 3113 228 3192 justitia
243 3116 358 3175 factum
374 3120 421 3175 est
436 3114 579 3176 Aristidis
596 3120 631 3175 ut
651 3134 760 3178 omnes
775 3119 840 3178 fere
862 3119 1002 3181 civitates

65 3207 211 3267 Graeciae
226 3208 265 3267 ad
278 3207 517 3268 Atheniensium
530 3208 708 3273 societatem
721 3228 755 3271 se
769 3212 961 3290 applicarent
972 3219 1004 3274 et

64 3301 214 3361 adversus
229 3300 377 3361 barbaros
392 3302 448 3362 hos
465 3301 559 3362 duces
575 3301 748 3381 deligerent
763 3305 833 3364 sibi.

53 3425 56 3435 ·
104 3401 141 3455 Ι.
160 3395 241 3465 Ques
257 3413 317 3472 quo
332 3394 453 3455 facilius
470 3396 665 3473 repellerent,
684 3397 709 3458 si
726 3399 805 3460 forte
820 3401 937 3462 bellum
953 3391 1024 3463 rte-¹

64 3506 180 3548 novare
205 3493 401 3561 conarentur,
425 3489 464 3549 ad
481 3489 595 3551 classes
611 3492 818 3554 aedificandas
835 3497 1002 3558 exereitus·
1100 3562 1102 3577 ἶ
1130 3512 1132 3515 ’

64 3600 126 3661 que
149 3583 372 3660 comparandos
395 3588 545 3661 quantum
561 3587 711 3665 pecuniae
733 3607 872 3668 quaeque
895 3593 1003 3654 civitas

65 3675 170 3750 daret,
188 3674 339 3735 Aristides
360 3675 499 3737 delectus
514 3680 630 3757 estqui
645 3681 858 3760 constitueret,
875 3685 1005 3764 ejusque
