2430 4110
206 364 241 418 δὲ
517 369 581 423 xlx,
601 365 749 424 euectos.
767 368 792 422 a.
810 372 836 422 t.

207 474 304 545 mine,
322 475 417 553 quod,
433 472 504 538 cum
519 479 603 558 apud
617 497 691 539 eum
705 498 867 540 summum
881 485 967 540 esset
979 474 1153 558 imperium

207 566 326 645 populi,
343 574 374 628 et
389 568 586 644 Nicanorem,
602 573 768 633 Cassandri
783 573 984 650 praefectum,
1008 569 1154 632 insidiari

208 660 319 723 Piraeo
340 681 360 723 a
379 665 510 744 Dercylo
531 673 725 735 moneretur,
755 667 900 744 idemque
923 665 1099 743 postularet
1120 669 1155 725 ut

209 757 386 834 provideret
409 777 450 819 ne
480 761 706 821 commeatibus
735 762 845 821 civitas
866 761 1052 838 privaretur,
1080 757 1155 818 huic

175 843 193 892 5
208 852 355 912 audiente
366 853 480 931 populo
491 855 627 915 Phocion
639 856 763 933 negarit
776 874 843 916 esse
855 854 1042 932 periculum,
1055 871 1154 932 seque

136 944 276 1022 3t'lejns
288 945 333 1006 rei
351 945 491 1006 obsidem
510 947 576 1007 tore
598 947 757 1026 pollicitus
779 953 839 1009 est.
856 950 963 1025 Neque
984 946 1029 1006 ita
1051 945 1154 1006 multo

208 1044 278 1117 post
293 1038 426 1099 Nicanor
438 1039 547 1100 Piraeo
561 1047 610 1101 est
621 1041 750 1120 potitus,
767 1042 835 1102 sine
849 1060 911 1119 quo
926 1041 1068 1100 Athenae
1086 1057 1154 1100 om-

209 1134 363 1195 uinoesse
384 1154 446 1196 non
462 1142 604 1214 possunt.
629 1136 789 1215 Adtquem
811 1135 1061 1219 recuperandum
1078 1154 1153 1196 cum

209 1229 344 1308 populus
354 1235 493 1292 armatus
504 1232 722 1305 concurrisset,
739 1233 792 1293 ille
803 1251 864 1292 uon
881 1233 974 1291 modo
990 1229 1153 1290 neminem

209 1323 249 1382 ad
277 1343 365 1384 armo
392 1325 523 1396 vocarit,
556 1327 611 1386 sed
637 1345 678 1386 ue
706 1326 835 1387 armatis
855 1326 982 1404 quidem
1004 1341 1154 1402 praeesse

209 1417 320 1477 voluit.
990 1466 993 1470 ,

178 1548 190 1598 ¹
252 1517 288 1570 2.
306 1512 401 1571 Erant
415 1530 451 1572 eo
461 1519 600 1592 tempore
610 1514 740 1575 Athenis
755 1512 1004 1586 duaelactiones,
1019 1531 1154 1590 quarum

212 1604 1156 1688 unapopulicausamagehat,alteraoptimatiumlnlracerat

211 1699 347 1760 Phocion
358 1702 569 1763 etDemetrius
584 1703 768 1764 Phalereus.
781 1707 897 1764 Harum
910 1708 1043 1779 utraque
1052 1701 1155 1764 Mace·

212 1795 329 1856 dtmum
345 1798 524 1875 patrociniis
539 1799 701 1860 utebatur:
726 1819 798 1861 nam
813 1798 978 1879 populares
1002 1796 1155 1874 Polyper·

212 1889 316 1950 chonti
332 1890 489 1965 favebant,
506 1893 671 1971 optimates
686 1912 757 1953 oum
771 1892 943 1954 Cassandro
962 1888 1154 1950 sentiebant.

178 1987 195 2038 2
212 1982 370 2044 Interima
388 1985 636 2064 Polyperchonte
648 1986 840 2047 Cassandrus
851 1982 1031 2047 Macedonia
1043 1982 1157 2061 pulsus

211 2082 267 2138 cst.
282 2077 347 2148 Quo
358 2078 439 2138 facto
455 2079 588 2157 populus
604 2080 745 2156 superior
755 2080 855 2140 lactus
870 2078 976 2141 stetim
991 2075 1087 2137 duces
1104 2076 1159 2136 ad·

210 2170 366 2232 versariae
380 2172 522 2233 factionis
538 2173 648 2252 capitis
660 2174 825 2234 damnatos
840 2173 940 2253 patria
955 2171 1105 2252 propulit,
1124 2171 1156 2232 iu

211 2264 261 2324 his
275 2265 462 2326 Phocionem
485 2271 516 2327 et
531 2267 721 2328 Demetrium
743 2269 921 2339 Phalerum,
939 2266 1040 2346 deque
1061 2285 1100 2326 ea
1123 2283 1157 2325 re

210 2361 330 2438 legatos
341 2359 380 2419 ad
393 2361 674 2439 Polyperchontem
687 2361 784 2434 misit,
799 2361 850 2441 qni
862 2362 902 2422 ab
916 2380 951 2423 eo
962 2366 1110 2440 peterent
1123 2367 1159 2421 ut

178 2452 196 2500 ὅ
213 2472 268 2513 sua
280 2452 404 2515 decreta
416 2454 625 2516 confirmaret.
642 2457 709 2516 Huc
723 2456 830 2517 eodem
845 2455 1001 2534 protectus
1016 2458 1065 2514 est
1075 2453 1159 2513 Pho·
1194 2443 1199 2448 ’

213 2548 293 2608 cion.
317 2549 383 2619 Ono
405 2556 440 2609 ut
460 2549 557 2622 venit,
582 2568 706 2611 causam
738 2550 821 2628 apud
843 2548 1024 2627 Philippum
1046 2565 1157 2625 regem

215 2643 322 2716 verbo,
333 2661 367 2703 re
381 2642 448 2721 ipsa
463 2643 589 2722 quidem
604 2644 974 2722 apudPolyperchontem
985 2641 1096 2719 jussus
1109 2646 1159 2702 est

184 2737 337 2806 edicere:
362 2755 497 2815 namque
519 2737 628 2797 istum
651 2737 733 2816 regis
754 2737 848 2798 rebus
870 2740 1023 2815 praeerat.
1040 2734 1099 2794 Hic
1115 2735 1157 2796 ab

216 2838 344 2912 Agnone
359 2839 520 2893 accusatus
536 2831 617 2910 quod
633 2831 777 2892 Piraeum
791 2829 935 2892 Nicanori
952 2827 1156 2907 prodidisset,

216 2944 253 2988 ex
265 2927 385 2988 consilii
400 2926 555 2988 sententia
575 2924 608 2984 in
631 2924 805 2986 custodiam
821 2923 991 3001 conjectus,
1015 2922 1158 2981 Athenas

216 3022 370 3082 deductus
385 3025 444 3092 est,
461 3025 496 3079 ut
510 3018 552 3080 ihi
569 3018 608 3079 de
623 3037 658 3079 eo
672 3018 795 3097 legibus
810 3017 899 3078 fieret
909 3014 1078 3094 judicium.

186 3139 196 3187 ι
257 3110 1158 3197 A.Hucutperventumest,cumpropteraetatempedibus

211 3217 276 3295 jam
295 3231 356 3273 non
379 3212 498 3273 voleret
519 3210 725 3289 vehiculoque
746 3214 935 3288 portaretur,
956 3205 1060 3284 magui
1084 3222 1159 3265 cou-

215 3327 326 3370 oursus
341 3311 415 3366 sunt
429 3305 513 3378 lacti,
537 3323 608 3364 cum
631 3303 695 3376 alii,
719 3301 957 3362 reminiscentes
978 3297 1093 3361 veteris
1109 3298 1157 3358 fa-

183 3401 185 3406 ’
216 3422 296 3476 mae,
321 3399 429 3461 aetatis
452 3398 689 3472 misererentur,
713 3395 840 3475 plurimi
862 3412 936 3455 vero
958 3392 1004 3452 ira
1026 3409 1157 3452 exacue-

216 3500 336 3565 rentur,
363 3496 491 3572 propter
510 3487 692 3569 proditionis
722 3487 931 3567 suspicionem
956 3484 1157 3562 maximeque

217 3590 299 3670 qnod
314 3588 464 3649 adversus
476 3584 583 3664 populi
598 3583 761 3643 commoda
782 3582 815 3641 in
836 3584 997 3641 senectute
1012 3584 1154 3640 steterat.

183 3686 199 3737 2
216 3688 315 3758 Quare
331 3702 370 3744 no
385 3681 550 3761 perorandi
564 3679 689 3757 quidem
705 3678 734 3737 ei
750 3677 823 3738 dota
838 3682 886 3737 est
905 3675 1035 3735 facultas
1061 3681 1092 3736 et
1110 3674 1156 3734 di-
