2430 4110
209 385 256 436 ldl
532 383 564 435 11.
583 383 730 433 ATTlCUS.
748 381 773 433 6.
792 383 817 432 t.

203 480 333 564 judicari
354 480 446 559 possit
471 481 540 561 plus
569 482 600 541 in
624 481 757 542 amicitia
782 482 882 543 valere
907 481 1137 546 similitudinem

179 591 328 640 imorum
349 593 442 654 quam
461 575 653 635 affinitatem.
679 574 829 636 Utebatur
849 582 954 636 autem
980 576 1089 638 intime
1102 578 1136 650 O.

207 668 377 740 Hortensio,
391 668 443 747 qui
469 669 506 728 iis
524 667 713 747 temporibus
726 667 932 747 principatum
947 668 1138 746 eloquentiae

206 761 392 839 tenebat,ut
403 760 531 839 intelligi
543 779 604 820 non
619 767 718 839 posset
728 767 797 820 uter
808 779 881 821 eum
897 760 968 840 plus
987 761 1136 840 diligeret,

209 851 311 912 Cicero
329 870 368 911 an
391 852 587 923 Hortensius,
609 858 656 924 ct,
673 851 704 912 id
723 851 886 930 quoderat
904 851 1137 926 difficillimum,

209 945 359 1007 efficiebat
377 950 413 1004 ut
433 945 513 1004 inter
534 964 610 1023 qnos
623 950 708 1004 tanta
747 944 847 1005 laudis
864 951 943 1006 esset
956 947 1137 1029 aemulatio,

171 1040 173 1044 ’
206 1039 292 1099 nulla
302 1037 504 1098 intercederet
518 1038 695 1099 obtrectatio
707 1083 714 1111 ,
727 1045 866 1118 essetque
878 1040 987 1101 talium
1001 1041 1139 1104 virorum

205 1132 322 1210 copula.

179 1260 192 1306 t
246 1227 287 1286 6,
300 1225 551 1305 Inrepublicaita
560 1230 605 1286 est
616 1230 765 1298 versatus,
780 1231 816 1287 ut
824 1245 944 1307 semper
955 1228 1140 1308 optimarum

206 1319 339 1398 partium
353 1325 384 1380 et
398 1324 475 1379 esset
483 1324 514 1378 et
527 1318 767 1392 existimaretur,
784 1338 886 1398 neque
900 1327 1004 1382 tamen
1022 1340 1055 1383 se
1069 1323 1140 1383 civi-

206 1412 287 1472 libus
300 1412 446 1472 fiuctibus
456 1411 673 1483 committeret,
683 1412 765 1490 quod
781 1431 842 1473 non
861 1414 958 1493 magis
972 1433 1025 1476 eos
1038 1415 1072 1475 in
1086 1433 1141 1476 sua

206 1509 352 1582 potestate
364 1502 561 1563 existimabat
572 1522 636 1563 esse
648 1504 701 1582 qui
712 1523 743 1565 se
752 1504 800 1564 his
811 1505 974 1580 dedissent,
987 1505 1139 1586 quamqui

179 1595 367 1668 maritimis
378 1597 578 1674 jactarentur.
605 1598 741 1657 Honores
755 1616 817 1658 non
831 1599 937 1676 petiit,
957 1601 1071 1660 cumei
1087 1619 1140 1680 pa-

206 1696 307 1752 terent
320 1696 443 1770 propter
457 1690 507 1750 vel
525 1691 655 1769 gratiam
668 1691 717 1751 vel
732 1691 928 1770 dignitatern,
944 1694 1027 1771 quod
1040 1713 1140 1773 neque

208 1785 271 1864 peti
283 1803 366 1845 more
378 1786 530 1862 majorum
542 1803 640 1863 neque
655 1785 721 1863 capi
737 1790 859 1863 possent
872 1787 1057 1848 conservatis
1067 1786 1140 1866 legi-

204 1879 277 1952 bus,
292 1878 323 1939 iu
339 1883 400 1936 tam
413 1877 501 1936 effusi
517 1877 650 1936 ambitus
660 1877 882 1955 largitionibus,
895 1898 994 1957 neque
999 1879 1065 1959 geri
1079 1896 1140 1939 cre

177 1972 329 2054 3publica
352 1971 417 2030 sine
436 1971 582 2048 periculo,
604 1971 753 2048 corruptis
767 1971 897 2032 civitatis
923 1973 1072 2035 moribus.
1094 1976 1140 2036 Ad

206 2067 325 2126 hastam
339 2064 492 2144 publicam
507 2081 676 2140 numquam
691 2064 826 2124 accessit.
844 2065 965 2126 Nullius
979 2067 1025 2126 rei
1037 2087 1140 2148 nequa

205 2179 293 2239 praes
310 2177 410 2236 neque
431 2176 574 2236 manceps
592 2158 690 2218 factus
713 2162 769 2216 est.
796 2159 956 2219 Neminem
970 2179 1071 2240 neque
1084 2161 1139 2226 suo

206 2252 328 2311 nomine
339 2269 438 2328 neque
459 2249 652 2309 subscribens
671 2249 841 2322 accusavit3
858 2251 891 2310 in
908 2252 960 2330 jus
976 2253 1015 2314 de
1033 2273 1091 2316 sua
1104 2276 1139 2318 re

178 2363 380 2422 ,numquam
407 2342 463 2414 iii;
489 2340 642 2419 judicium
674 2341 796 2400 nulium
822 2342 943 2403 babuit.
970 2346 1140 2410 Multarum

205 2440 367 2499 consulum
389 2441 625 2516 praetorumque
641 2436 844 2513 praefecturas
869 2439 983 2500 delatas
1000 2442 1043 2502 sic
1056 2462 1137 2506 acce·

206 2535 261 2613 pit,
284 2539 319 2593 ut
362 2531 518 2592 neminem
552 2530 584 2588 in
612 2528 799 2607 provinciam
832 2532 872 2592 sit
900 2540 1042 2608 secutae,
1082 2538 1137 2601 ho.

206 2649 279 2690 nore
289 2628 384 2688 fuerit
394 2633 565 2700 contentus
579 2625 622 2684 rei
633 2625 791 2686 familiaris
803 2627 972 2708 despexerit
983 2631 1137 2697 fructum:

206 2724 258 2802 qui
269 2741 309 2782 ne
321 2740 392 2781 cum
406 2721 441 2791 O.
455 2718 579 2797 quidem
594 2718 736 2778 Cicerone
754 2720 885 2781 voluerit
900 2723 943 2783 ire
961 2723 993 2783 in
1014 2727 1135 2803 Asiam,

206 2836 277 2878 cum
290 2816 372 2894 apud
388 2833 460 2874 eum
474 2811 565 2891 legati
581 2811 681 2870 locum
700 2811 836 2874 obtinere
851 2822 961 2894 posset.
976 2819 1044 2879 Non
1054 2823 1138 2884 enim

204 2911 312 2971 decere
328 2905 581 2976 searbitrabatur,
597 2921 668 2963 eum
678 2909 852 2981 praeturam
859 2926 964 2986 gerere
976 2912 1135 2989 noluisset,

176 3037 191 3083 5
206 3002 350 3063 asseclam
365 3019 430 3060 esse
445 2996 602 3076 praetoris.
623 2996 689 3065 Qua
703 2995 735 3055 in
749 3016 782 3057 re
802 3018 864 3060 non
882 3001 981 3062 solum
995 3003 1136 3080 dignitati

205 3092 365 3163 serviebat,
378 3091 431 3151 sed
442 3090 534 3149 etiam
545 3086 775 3166 tranquillitati,
787 3111 858 3152 cum
866 3093 1051 3172 suspiciones
1061 3119 1137 3178 quo·

204 3207 264 3267 que
289 3186 399 3245 vitaret
413 3183 587 3242 criminum.
612 3181 677 3251 Quo
700 3181 794 3243 fiebat
807 3191 842 3244 ut
859 3186 924 3264 ejus
943 3187 1136 3253 observantia

204 3279 347 3343 omnibus
371 3282 449 3337 esset
470 3275 576 3347 carior,
607 3291 678 3333 cum
700 3294 768 3337 eam
797 3279 917 3353 allicio,
946 3298 1008 3340 non
1031 3283 1135 3347 timori

203 3391 303 3451 neque
315 3371 378 3449 spei
394 3368 488 3429 tribui
500 3368 650 3428 viderent.
1146 3389 1151 3435 ι

175 3507 187 3550 t
245 3466 279 3523 ⁷.
297 3463 407 3524 Incidit
420 3461 633 3521 Caesarianum
660 3462 747 3522 civile
767 3463 896 3535 bellum,
915 3483 987 3524 cum
1008 3466 1136 3532 baberet

153 3572 300 3630 ,tpannos
332 3556 451 3615 circiter
475 3554 640 3632 sexaginta.
667 3557 747 3617 Usus
768 3562 814 3617 est
837 3557 943 3616 aetatis
963 3562 1131 3638 vacatione,

203 3668 302 3728 neque
328 3667 359 3709 se
384 3662 537 3726 quoquam
556 3646 652 3706 movit
675 3665 712 3707 ex
734 3648 820 3710 urbe.
840 3649 922 3718 Quae
942 3647 1047 3712 amicis
1070 3656 1134 3718 suis
