2430 4110
480 356 516 422 tr.
536 371 681 423 urricus.
703 373 742 421 n.
1035 368 1080 418 tor

140 470 174 533 in
186 472 317 543 ltaliam,
326 490 417 532 nemo
428 491 491 532 non
503 491 615 551 magno
628 472 659 531 in
672 470 806 549 periculo
813 469 947 530 Atticum
956 473 1079 549 putarat

140 573 269 645 propter
283 567 425 626 intimam
440 566 680 627 familiaritatem
693 564 847 626 Ciceronis
862 570 893 626 et
904 565 1002 625 Bruti.
1016 565 1078 624 Ita-
1096 554 1111 604 2

141 678 201 737 que
233 659 272 720 ad
298 660 468 720 adrentum
493 660 716 738 imperatorum
739 658 777 718 de
800 659 864 718 loro
890 658 1075 724 decesserat,

140 752 723 830 timensproscriptionem,latebatque
736 749 1076 829 apudP.Volumniurn,

140 848 201 918 eui,
218 852 254 908 ut
268 849 473 922 ostendimus,
491 848 583 926 paulo
597 852 670 908 ante
685 866 774 926 opem
786 847 901 907 tulerat
914 852 1009 919 (tanta
1024 865 1077 906 va·

140 942 237 1002 rietus
260 942 299 1003 iis
315 943 508 1021 temporibus
523 943 583 1003 suit
604 942 757 1011 fortunae,
776 944 813 999 ut
826 940 969 1011 modohi,
986 937 1077 998 modo

141 1034 185 1094 illi
201 1035 234 1095 in
245 1055 367 1096 summo
379 1043 486 1097 essent
496 1042 551 1097 aut
565 1034 687 1114 fastigio
699 1039 754 1095 aut
766 1031 1078 1112 periculolhahehat·

141 1131 498 1206 quesecqu.Gellinm
508 1129 805 1206 Canum,aequalen1
822 1127 1077 1204 simillimumque

141 1224 200 1282 sui.
216 1226 281 1284 Hoc
296 1243 418 1304 quoque
440 1225 481 1286 sit
502 1223 592 1285 Attici
614 1221 759 1283 bonitatis
782 1221 969 1299 exemplum,
995 1221 1110 1298 quoda

141 1333 260 1376 comeo
275 1336 368 1396 quem
380 1337 512 1397 puerum
526 1318 559 1376 in
573 1315 649 1376 ludo
660 1313 903 1393 cognorat,ade0
914 1314 1077 1391 conjuncte

141 1409 274 1483 visitat
286 1413 324 1473 ad
337 1419 508 1476 extremam
521 1414 655 1473 aetatem
667 1408 803 1469 amicitia
814 1425 921 1468 eorum
934 1406 1075 1467 creverit.

143 1505 291 1567 Antonius
304 1510 420 1580 autem,
430 1507 488 1568 etsi
500 1510 586 1566 tanto
600 1504 669 1566 odio
680 1503 837 1564 ferebatur
848 1502 1074 1574 inCiceronem,
1093 1496 1109 1544 4

141 1603 254 1659 utnon
269 1601 369 1661 solum
385 1602 424 1673 ei,
442 1601 497 1662 sed
520 1601 614 1661 etiam
636 1598 780 1659 omnihus
795 1598 861 1675 ejus
873 1596 978 1657 amicis
994 1602 1076 1656 essct

141 1691 298 1766 inimicus
312 1712 425 1773 eosque
439 1695 534 1756 vellet
544 1693 735 1773 proscribere
747 1690 854 1750 multis
865 1690 1072 1760 hortantibus,

141 1791 246 1848 tamen
262 1791 354 1852 Attici
368 1810 488 1852 memor
502 1791 560 1851 fuit
574 1789 676 1861 officii,
694 1788 778 1860 etei,
801 1806 872 1847 cum
893 1789 1075 1867 requisisset

142 1881 269 1941 ubinam
281 1890 374 1958 esset,
382 1904 438 1946 sua
446 1905 538 1945 manu
547 1882 712 1961 scripsitne
723 1883 848 1944 timeret
858 1882 1025 1962 statimque
1036 1885 1075 1945 ad

141 1991 172 2033 se
188 1975 310 2036 veniret
327 1995 333 2036 :
358 1996 390 2037 se
406 1997 477 2037 eum
493 1984 524 2038 et
548 1975 630 2037 illius
644 1978 761 2038 Canum
780 1976 818 2036 de
833 1976 1073 2056 proscriptorum

140 2084 272 2128 numero
299 2069 463 2132 exemisse.
490 2074 532 2131 Ac
552 2089 592 2130 ne
614 2069 696 2148 quod
718 2068 889 2149 periculum
910 2070 1072 2143 incideret,

141 2159 222 2234 quod
238 2167 330 2222 noctu
351 2162 456 2236 fiebat,
481 2162 670 2242 praesidium
686 2162 714 2222 ei
729 2161 825 2223 misit.
843 2161 891 2223 Sio
906 2163 1024 2225 Atticus
1042 2165 1075 2225 in
1091 2167 1108 2216 5

140 2269 263 2313 summo
277 2254 389 2314 timore
405 2274 468 2315 non
484 2257 584 2316 solum
604 2255 674 2328 sibi,
695 2256 858 2317 sedetiam
874 2257 902 2317 ei
918 2276 1011 2336 quem
1027 2279 1075 2320 ea-

141 2345 300 2408 rissimum
316 2349 451 2411 habehat
466 2351 619 2430 pracsidio
635 2351 693 2414 luit
707 2351 819 2432 (neque
835 2351 916 2412 enim
933 2372 1007 2414 snae
1025 2375 1075 2416 so-

141 2437 208 2498 lum
223 2459 240 2500 a
256 2459 412 2520 quoquam
435 2445 585 2505 auxilium
607 2445 697 2524 petiit
717 2444 847 2526 salutis),
865 2452 900 2506 ut
914 2456 1074 2525 appareret

139 2532 260 2594 nullam
281 2537 454 2615 sejunctam
477 2539 536 2600 sihi
556 2539 595 2599 ab
610 2559 646 2600 eo
661 2539 740 2599 velle
762 2539 929 2599 fortunam.
947 2543 1073 2613 Quodsi

141 2628 334 2704 gubernator
344 2633 607 2712 praeeipualande
618 2635 728 2707 fertur,
738 2634 791 2713 qui
799 2653 911 2695 navem
923 2655 960 2697 ex
971 2638 1073 2701 hieme
1091 2637 1107 2686 6

141 2721 283 2813 marique
297 2726 457 2803 scopuloso
472 2733 585 2799 servat,
603 2747 658 2788 cur
672 2748 735 2790 non
751 2728 915 2808 singularis
932 2733 1000 2810 ejus
1011 2734 1075 2795 exi-

139 2807 285 2864 stimetur
299 2807 476 2885 prudentia,
493 2809 546 2888 qui
567 2829 605 2870 ex
627 2817 673 2871 tot
694 2817 819 2888 tamque
842 2811 988 2889 gravibus
1007 2834 1076 2893 pro.

136 2897 225 2958 cellis
241 2899 383 2962 civilibus
398 2903 437 2963 ad
452 2904 697 2966 incolumitatem
713 2906 880 2983 pervenit?

178 3004 241 3058 11.
257 2999 375 3070 Quibus
390 3018 428 3061 ex
443 3001 533 3062 malis
547 3008 583 3063 ut
606 3022 638 3063 se
661 3003 800 3075 emersit,
817 3001 896 3062 nihil
911 3003 995 3064 aliud
1010 3005 1075 3084 egit
1094 3012 1103 3060 t

138 3106 232 3166 quam
257 3099 293 3154 ut
318 3112 411 3172 quam
438 3095 590 3173 plurimis,
608 3097 721 3176 quihus
743 3096 837 3157 rebus
852 3103 965 3174 posset,
992 3106 1075 3160 esset

138 3185 263 3246 auxilio.
280 3187 355 3246 Cum
372 3189 558 3267 proscriptos
570 3191 716 3270 praemiis
727 3190 949 3268 imperatorum
963 3191 1074 3270 vulgus

138 3279 345 3358 conquireret,
354 3299 444 3343 nemo
453 3282 484 3343 in
494 3285 621 3362 Epirum
632 3285 720 3359 venit
732 3283 780 3343 eni
794 3303 842 3344 res
853 3283 918 3343 ulla
928 3285 1071 3357 deluerit,

137 3373 256 3435 nemini
271 3392 334 3434 non
355 3374 397 3434 ihi
420 3382 569 3456 perpetuo
584 3379 733 3438 manendi
748 3382 884 3456 potestas
906 3378 982 3436 sacta
999 3385 1047 3439 est
1064 3399 1070 3439 :
1090 3384 1106 3433 t>

137 3466 319 3544 quinetiam
336 3473 406 3545 post
421 3469 572 3546 proelium
588 3471 788 3549 Philippense
804 3469 1027 3547 interitumque
1040 3472 1070 3532 C.
1096 3470 1135 3528 tr

137 3561 231 3620 Cassii
254 3565 285 3621 et
306 3560 347 3620 M.
361 3561 458 3633 Bruti,
475 3563 509 3623 L.
527 3562 643 3623 lulium
666 3563 817 3623 Mocillam
833 3561 1020 3642 praetorium
1043 3569 1075 3623 et

137 3653 234 3715 lilium
260 3653 339 3733 ejus,
371 3653 546 3732 Aulumque
572 3657 774 3734 Torquatum,
804 3662 984 3732 ceterosque
1007 3655 1074 3735 pari
