2430 4110
444 382 504 431 xvi.
520 381 780 435 hasenrietani.
1047 378 1080 426 on
1103 352 1105 356 ⁴

148 475 265 544 minore
281 483 455 562 suspicione
466 484 604 543 lacerent
618 483 688 542 iter.
705 483 844 552 Quicum
859 487 997 559 tempore
1012 480 1078 558 ipso

148 594 204 653 qno
220 576 406 637 studuerant
422 576 648 657 pervenissent,
667 576 793 636 domum
811 575 958 638 Charonis
985 574 1078 636 deve-

146 677 271 742 nerunt,
286 691 303 730 a
316 688 376 750 quo
388 675 420 731 et
434 675 557 748 tompus
572 675 604 729 et
615 669 681 729 dics
696 676 762 728 erat
773 669 874 729 datus.

185 770 220 823 3.
238 766 303 823 Hoc
323 764 389 824 loco
404 762 481 823 libet
496 763 705 840 interponere,
722 763 779 822 etsi
795 764 970 842 sejunctum
983 761 1024 821 ab
1045 775 1099 821 rel

144 858 300 936 proposita
315 863 374 929 est,
391 856 487 917 nimia
509 857 622 917 fiducia
647 861 779 934 quantae
802 855 968 915 calamitati
983 855 1080 916 soleat

143 970 222 1014 esse.
241 955 319 1013 Nam
332 951 571 1031 magistratuum
583 953 801 1012 Thebanorum
816 952 920 1012 statim
935 950 975 1009 ad
989 968 1079 1010 aures

142 1045 286 1121 pervenit
296 1046 418 1106 exsules
428 1045 460 1104 in
471 1045 582 1105 urbem
591 1044 725 1105 venisse.
737 1044 773 1104 Id
784 1044 826 1103 illi
838 1044 909 1104 vino
919 1041 1079 1121 epulisque
1174 1096 1177 1109 ‚

142 1138 239 1200 dediti
251 1159 350 1218 usque
363 1159 399 1202 co
411 1132 632 1218 despexerunt,
644 1144 680 1199 ut
691 1159 731 1199 ne
743 1158 891 1217 quaerere
903 1138 1029 1217 quidem
1040 1138 1079 1197 de

142 1237 228 1292 tauta
244 1251 278 1293 re
291 1232 472 1293 laborarint.
486 1233 623 1294 Accessit
637 1232 731 1292 ctiam
743 1233 825 1310 quod
837 1233 935 1310 magis
946 1231 1105 1310 aperiret‘.)

142 1344 252 1386 eorum
264 1326 466 1387 dementiam.
482 1327 580 1388 Allata
595 1332 643 1387 est
656 1327 741 1387 euim
756 1327 885 1405 epistola
898 1326 1078 1387 Athenisab

141 1422 253 1481 Archia
266 1421 322 1480 uni
337 1439 375 1481 ex
390 1422 449 1492 his,
467 1423 608 1493 Archlae,
625 1422 678 1501 qui
695 1428 762 1480 tum
788 1420 957 1481 maximum
979 1420 1078 1499 magi·

142 1519 276 1574 stratum
292 1515 407 1576 Thebis
420 1516 591 1589 obtinebat,
606 1516 638 1574 in
650 1534 711 1594 qna
723 1514 826 1574 onmia
840 1514 878 1575 de
891 1515 1077 1593 protectione

142 1625 251 1667 eorum
277 1607 448 1686 perscripta
476 1595 576 1668 crant.
602 1610 684 1679 Quae
707 1627 778 1668 cum
788 1609 854 1686 jam
870 1608 1031 1667 accubanti
1046 1610 1078 1667 iu

142 1697 283 1759 convivio
309 1705 392 1760 esset
418 1699 502 1773 data,
520 1700 600 1760 sicut
613 1705 680 1761 crat
694 1699 824 1778 signata,
843 1700 901 1760 sub
916 1700 1079 1779 pulvinum

143 1791 325 1870 subjiciens,
342 1793 380 1852 Io
396 1794 575 1869 erastinum,
602 1793 715 1872 inquit,
731 1793 840 1872 differo
855 1811 903 1854 res
917 1795 1025 1854 sertae.
1041 1794 1104 1855 At⁵

143 1885 185 1944 illi
203 1904 325 1956 omnes,
342 1905 413 1946 cum
423 1887 491 1965 jam
506 1905 567 1947 nox
581 1885 795 1965 processisset,
811 1885 961 1947 vinolenti
976 1886 1016 1946 ab
1029 1906 1080 1948 ex-

142 1979 262 2040 sulibus
288 1979 367 2040 duce
393 1980 539 2058 Pelopida
564 1986 639 2041 sunt
665 1980 830 2046 interlecti,
854 1979 970 2050 Quibus
985 1979 1079 2040 rebus

142 2065 289 2133 confectis
303 2072 395 2150 vulgo
411 2073 451 2133 ad
465 2092 552 2133 arma
566 2073 806 2150 libertatemque
821 2079 937 2144 vocato,
955 2091 1018 2132 nou
1033 2092 1080 2133 so·

142 2163 206 2224 lnm
229 2165 283 2243 qni
311 2164 344 2225 in
366 2165 443 2226 urbe
469 2171 569 2238 erant,
587 2166 642 2226 sed
667 2165 762 2226 etiam
784 2165 921 2242 undiquc
942 2183 980 2225 ex
995 2165 1077 2244 agris

143 2263 377 2331 concurrerunt,
396 2258 586 2336 praesidium
608 2257 921 2319 Lacedaemoniorum
943 2277 981 2319 ex
1007 2278 1076 2320 arce

142 2351 340 2435 pepulerunt,
367 2352 499 2429 patriam
532 2353 692 2414 obsidione
721 2352 905 2423 liberarunt,
936 2358 1075 2415 auctores

142 2444 291 2505 Cadmeae
307 2447 502 2524 occupandae
518 2448 632 2526 partim
644 2446 833 2521 occiderunt,
851 2448 1008 2525 partimin
1023 2469 1075 2511 ex·

143 2538 245 2600 silium
257 2542 426 2620 ejecerunt.

158 2697 162 2705 ,
182 2645 216 2694 4.
234 2638 298 2696 Hoc
313 2641 377 2696 tam
393 2637 517 2697 turbido
533 2643 681 2715 tempore,
701 2637 780 2699 sicut
794 2656 887 2716 supra
902 2636 1097 2713 docuimuS,1

146 2730 385 2807 Epaminondas,
400 2732 500 2810 quoad
515 2751 585 2791 cum
597 2731 715 2792 civibus
730 2732 910 2792 dimicatum
922 2737 980 2805 est,
993 2732 1078 2793 domi

141 2822 265 2899 quietus
289 2823 358 2884 fnit.
376 2825 484 2903 ltaque
507 2826 583 2886 haec
598 2824 800 2885 liberatarum
815 2825 991 2884 Thebarum
1006 2844 1078 2903 pro·
1129 2819 1133 2828 ’

140 2917 207 2993 pria
228 2917 297 2977 laus
323 2923 371 2979 est
386 2918 562 2996 Pelopidae,
580 2923 700 2980 ceterae
720 2921 784 2980 lere
810 2937 990 2980 communes
1005 2940 1076 2981 cum

140 3013 365 3090 Epaminonda.
397 3017 537 3093 Namque
562 3014 723 3075 Leuctrica
751 3033 867 3093 pugna,
891 3014 1100 3093 imperatorer

139 3104 365 3182 Epaminonda,
382 3105 501 3166 hicluit
512 3106 574 3166 dun
591 3106 727 3167 delectae
742 3124 865 3178 manuS,
883 3125 961 3184 quae
976 3109 1075 3184 prima
1098 3111 1153 3168 371

139 3197 327 3275 phalangem
349 3199 516 3277 prostravit
540 3201 708 3260 Laconum.
737 3198 888 3259 Omnibus
917 3205 1101 3276 praetereas

138 3290 206 3368 ejus
222 3291 367 3368 periculis
383 3290 471 3351 affuit
493 3291 595 3371 (siout,
620 3293 762 3370 Spartam
787 3309 857 3350 cum
873 3293 1072 3370 oppugnavit,
1097 3301 1158 3365 370

138 3385 271 3446 alterum
286 3387 388 3449 tenuit
403 3386 521 3467 cornu),
540 3407 662 3467 quoqne
678 3390 820 3450 Messena
841 3387 971 3448 celerius
987 3389 1076 3450 resti-

138 3484 290 3553 tueretur,
303 3480 424 3560 legatus
436 3480 468 3539 in
483 3482 593 3541 Persas
605 3486 654 3542 est
664 3480 830 3558 profectus.
846 3479 984 3559 Denique
1000 3482 1075 3542 haec
1097 3491 1156 3552 307

137 3570 195 3632 fuit
209 3571 308 3633 altera
323 3591 455 3650 persona
476 3572 601 3643 Thebis,
619 3573 674 3634 sed
690 3577 795 3632 tamen
818 3571 965 3644 secunda,
983 3572 1026 3632 ita
1040 3579 1075 3634 ut
1157 3622 1168 3633 .

137 3663 277 3742 proxima
292 3671 375 3728 esset
386 3663 630 3744 Epaminondae.
