2430 4110
208 345 252 393 llll
510 346 540 395 ll.
561 347 703 398 lrrlct's.
725 349 763 398 ll.
787 351 823 400 la.

205 452 348 524 ptuosus;
363 448 527 525 omnisque
540 449 699 526 diligentia
716 452 916 525 munditiam,
929 472 994 515 non
1010 456 1144 518 affluen-

205 540 279 600 tiam
288 543 461 603 affectabat.
476 541 618 618 Supellex
630 543 761 617 modica,
774 563 838 604 non
849 545 959 619 multa,
974 553 1008 609 ut
1022 548 1057 610 in
1067 569 1146 610 neu-

176 640 283 700 ctram
301 644 419 716 partem
436 636 570 716 conspici
596 646 714 716 posset.
743 643 804 701 Nec
818 641 1005 719 praeteribo,
1035 663 1146 724 quam·

206 751 297 810 quam
312 732 470 792 nonnullis
485 732 553 792 leve
576 733 677 793 visum
701 733 737 792 iri
760 739 878 814 putem,
895 753 968 795 cum
984 737 1016 796 in
1033 739 1146 816 primis
1173 750 1176 755 ’

205 827 307 885 lautus
319 832 402 887 esset
415 846 512 906 eques
534 830 691 888 Romanus
715 834 745 888 ct
760 848 824 889 non
844 849 956 908 parum
972 830 1149 896 liberaliter

206 921 335 981 domum
361 941 448 982 suam
473 922 614 982 omnium
641 923 786 983 ordinum
813 925 958 986 homines
982 927 1146 1004 invitaret,

206 1037 269 1077 non
294 1017 426 1096 amplius
442 1037 535 1096 quam
553 1024 643 1078 terna
668 1021 754 1081 milia
773 1038 928 1100 peraeque
953 1022 987 1082 in
1003 1024 1148 1105 singulos
1162 1062 1177 1081 κ

205 1131 328 1173 menses
352 1131 388 1173 cx
401 1113 603 1190 ephemeride
620 1133 693 1174 eum
718 1134 889 1194 expensum
906 1120 1048 1196 sumptui
1062 1121 1148 1183 ferre

178 1226 192 1273 7
206 1206 341 1266 solitum.
358 1211 458 1285 Atque
474 1207 532 1266 hoc
545 1227 608 1267 non
624 1209 779 1282 auditum,
796 1209 851 1269 scd
867 1211 1028 1289 cognitum
1054 1232 1148 1293 prae·

205 1302 364 1364 dicamus:
392 1322 484 1382 saepe
499 1303 583 1363 enim
609 1311 735 1384 propter
750 1305 992 1368 familiaritatem
1018 1310 1145 1374 domes-

205 1398 272 1457 ticis
288 1399 381 1458 rebus
394 1397 603 1459 interluimus
665 1404 676 1421 ⁹

176 1521 186 1569 l
246 1502 304 1551 Μ.
325 1494 420 1550 Nemo
444 1491 476 1550 in
493 1492 633 1553 convivio
664 1494 732 1572 ejus
747 1493 832 1552 aliud
858 1503 1000 1555 acroama
1025 1495 1149 1556 audivit

205 1604 297 1663 quam
314 1590 518 1664 anagnosten,
537 1586 619 1664 quod
650 1605 706 1646 nos
727 1587 854 1665 quidem
875 1587 1146 1666 jucundissimum

203 1682 392 1742 arbitramur
405 1700 412 1754 ;
429 1700 531 1760 neque
546 1700 697 1760 umquam
713 1681 779 1743 sine
795 1682 897 1759 aliqua
909 1682 1044 1744 lectione
1059 1684 1146 1762 apud

204 1795 275 1836 eum
288 1782 451 1838 coenatum
467 1783 525 1849 cst,
542 1781 656 1835 utnon
672 1775 776 1835 minus
800 1776 905 1834 animo
920 1794 1016 1853 quam
1032 1783 1146 1839 ventre

176 1872 351 1942 aconvivac
367 1872 607 1932 delectarentur.
625 1874 763 1949 Namque
780 1890 832 1931 cos
848 1870 989 1945 vocabat,
1008 1891 1145 1950 quorum

203 1984 305 2026 mores
331 1985 348 2026 a
373 1966 437 2026 suis
463 1985 525 2027 non
550 1966 763 2025 abhorrerent.
782 1966 858 2026 Cum
882 1970 970 2024 tanta
992 1967 1144 2043 pecuniae

202 2060 282 2119 lacta
297 2065 380 2120 esset
394 2059 539 2121 accessio.
556 2059 634 2118 nihil
646 2058 684 2119 dc
701 2057 880 2137 quotidiano
896 2058 980 2117 cultu
993 2061 1143 2133 mutarit,

204 2156 281 2216 nibil
293 2159 332 2218 de
345 2158 424 2218 vitae
438 2157 675 2229 consuetudine,
690 2134 838 2232 tantaq'ue
850 2173 925 2214 usus
940 2159 988 2214 est
1000 2153 1147 2217 modera-

203 2252 299 2326 tione,
316 2260 351 2312 ut
365 2272 466 2330 noque
479 2253 511 2312 in
528 2253 670 2312 sestertio
684 2250 790 2322 ricieS,
808 2249 891 2328 quod
916 2269 934 2309 a
949 2253 1037 2328 patre
1055 2267 1144 2322 acce·

203 2352 301 2424 perat,
319 2366 429 2425 parum
441 2365 473 2406 se
487 2345 648 2423 splendide
663 2344 805 2422 gesserit,
820 2341 971 2421 nequein
993 2343 1142 2405 sestertio

203 2430 319 2501 centies
341 2439 518 2500 affluentius
537 2438 652 2499 'vixerit
676 2456 770 2515 quam
794 2437 983 2508 instituerat,
1008 2433 1143 2513 parique

172 2559 187 2607 3
202 2535 323 2613 lastigie
339 2533 460 2596 steterit
474 2535 651 2612 inutraque
666 2534 802 2592 fortuna.
820 2529 926 2590 Nullos
941 2529 1052 2590 babuit
1067 2530 1140 2590 bor⁴

200 2635 258 2700 tos,
273 2629 388 2688 nullam
406 2630 617 2689 suburbanam
634 2632 688 2687 aut
708 2625 898 2686 maritimam
921 2630 1142 2703 sumptuosam

200 2724 315 2803 villam,
333 2743 433 2802 neque
449 2724 481 2783 in
497 2723 585 2783 ltalia
600 2727 722 2800 praeter
735 2724 914 2781 Arrel³num
925 2723 957 2779 et
969 2719 1142 2780 Nomenta-

199 2839 276 2879 num
306 2819 455 2879 rusticum
482 2816 667 2896 praedium3
696 2815 858 2893 omnisque
887 2811 955 2890 ejus
983 2812 1139 2890 pecuniae

200 2915 318 2974 reditus
345 2913 505 2974 constabat
528 2913 560 2971 in
577 2910 739 2989 Epiroticis
767 2914 798 2969 et
817 2905 945 2968 urbanis
969 2906 1137 2983 possessio·

199 3007 301 3068 nibus.
319 3010 363 3066 Ex
378 3025 437 3085 quo
449 3005 591 3083 cognosci
605 3010 705 3084 polest
719 3022 811 3063 usum
825 3021 896 3061 eum
910 2999 1060 3080 pecuniae
1073 3019 1138 3062 non

199 3102 424 3181 magnitudine,
442 3102 496 3162 sed
515 3100 634 3161 ratione
650 3098 753 3159 metiri
769 3097 907 3158 solitum.

169 3225 179 3273 q
240 3197 511 3258 sublementum
526 3214 627 3273 neque
648 3189 772 3253 'dicebat
796 3209 899 3269 neque
915 3188 978 3267 pati
999 3194 1134 3266 poterat.

198 3293 209 3350 l
215 3298 305 3371 taque
314 3293 380 3371 ejus
392 3292 519 3352 comitas
532 3289 667 3350 nousine
681 3286 845 3348 severitate
858 3289 934 3355 crat,
949 3302 1052 3361 neque
1065 3302 1137 3361 gra-

197 3387 275 3446 vitas
291 3386 356 3446 siue
372 3385 529 3456 facilitate,
545 3388 580 3442 ut
604 3380 729 3441 dillicile
746 3383 827 3440 csset
851 3376 1010 3437 intellectu
1028 3379 1135 3434 utrum

197 3503 266 3543 cum
284 3481 373 3542 amici
400 3480 498 3558 magis
524 3482 709 3539 vererentur
727 3495 767 3536 an
793 3475 946 3533 amarent.
975 3469 1134 3546 Quidquid

196 3578 374 3652 rogabatur,
398 3574 541 3652 religiose
567 3571 778 3650 promittebat,
797 3567 878 3646 quod
895 3584 958 3625 non
979 3562 1131 3634 liberalis,

195 3671 248 3732 scd
279 3669 356 3731 levis
381 3669 590 3730 arbitrabatur
616 3665 753 3746 polliceri
780 3661 861 3742 quod
882 3663 1040 3740 praestare
1065 3677 1128 3718 non
