2430 4110
169 363 200 418 ao
474 363 537 420 niv.
557 363 712 420 1191111119,
733 368 756 420 a.
777 364 801 422 3.

142 500 151 553 5
213 477 247 531 1).
264 472 334 531 Ρ911
351 488 384 530 se
402 475 516 531 virtute
539 477 646 550 postea
669 471 823 549 praebuit,
847 489 918 530 eum
935 468 1110 548 autophra-

170 563 258 624 dates
268 562 359 640 jussu
383 562 466 641 regis
487 563 570 623 bello
593 568 834 640 persequeretur
848 580 900 622 eos
922 563 974 639 qui
991 563 1098 623 defece

171 665 240 718 rant
255 676 262 716 :
280 675 415 734 namque
434 657 529 735 hujus
545 675 637 736 opera
649 658 765 729 hostes,
783 676 855 716 cum
871 661 972 716 castra
979 656 1046 734 jam
1064 657 1110 715 in-

168 755 313 821 trassent,
326 751 433 810 multis
450 751 577 811 milibus
591 751 747 828 regiorum
757 750 939 818 interfectis,
954 749 1108 827 profligati

138 849 252 915 esunt,
270 843 486 921 exercitusque
508 843 646 920 reliquus
669 848 869 902 conservatus
883 841 950 919 regi
965 846 1024 901 est.
1045 842 1110 911 Qua

169 959 206 998 ex
221 957 254 999 re
277 937 447 1017 majeribus
470 938 563 997 rebus
590 954 731 1015 pracesse
754 936 865 1014 coepit.
888 937 1109 995 1191991991-

164 1034 243 1111 'porc
264 1033 381 1110 Thuys,
406 1032 553 1110 dynastes
576 1029 817 1108 Paphlagoniae,
845 1028 972 1105 antiquo
994 1046 1109 1105 genere

168 1131 253 1186 ortus
268 1144 286 1184 9
300 1125 489 1208 Pylaemene
512 1125 564 1184 illo
584 1143 677 1201 quem
693 1125 847 1184 Homerus
862 1122 970 1181 Troico
985 1121 1069 1181 bello
1091 1141 1108 1182 a

138 1218 309 1278 3Patrltclo
336 1218 536 1277 interfectum
561 1217 615 1277 ait.
643 1216 674 1276 Is
696 1216 762 1293 regi
790 1215 872 1276 dicto
888 1215 1020 1274 audiens
1044 1233 1105 1273 non

168 1321 243 1386 erat,
260 1333 354 1392 quam
370 1313 408 1373 oh
425 1332 550 1373 eausam
573 1312 656 1373 hello
679 1330 751 1371 eum
767 1311 911 1389 persequi
931 1310 1104 1381 coustituit,

169 1410 258 1486 eique
287 1409 332 1468 rei
363 1407 508 1486 praefecit
537 1409 698 1478 Dattmen,
731 1407 939 1484 propinquum
973 1405 1106 1482 Paphla·

167 1503 278 1582 genis:
302 1519 438 1578 namque
460 1519 497 1560 cx
519 1501 613 1561 fratre
637 1507 667 1561 ot
690 1498 1105 1569 sororeeratntnati.Qua1n

169 1599 206 1660 oh
228 1617 353 1659 causam
380 1599 522 1658 Dattmcs
545 1599 681 1676 primum
703 1597 836 1675 experiri
857 1596 956 1656 voluit
979 1604 1015 1657 ut
1041 1596 1107 1656 sine

167 1692 262 1752 armis
288 1690 499 1769 propinquum
525 1691 564 1750 ad
590 1691 727 1751 officiunt
754 1691 926 1750 reduceret.
949 1690 995 1749 Ad
1012 1709 1105 1768 quem

168 1806 238 1847 oum
255 1785 391 1845 venisset
406 1784 472 1845 sine
488 1784 651 1862 praesidio,
668 1786 748 1863 quod
767 1785 805 1845 ah
821 1784 920 1844 amico
933 1785 1037 1844 nullas
1052 1804 1105 1843 ve-

170 1885 286 1938 19191111
301 1877 442 1947 insidias,
467 1896 563 1956 paene
580 1878 710 1938 interiit:
728 1897 799 1938 nam
817 1879 922 1956 Thuys
938 1897 1011 1938 cum
1027 1878 1105 1937 clam

137 1980 153 2026 1
171 1970 343 2031 interficere
359 1969 466 2028 voluit.
485 1971 559 2029 Erat
574 1975 674 2030 mater
693 1988 763 2029 cum
781 1971 919 2040 Datame,
936 1970 1106 2031 919119111-

170 2064 334 2143 phlagdnis
349 2082 356 2134 ;
374 2081 409 2123 ea
421 2063 495 2141 quid
509 2069 653 2142 ageretur
665 2064 780 2135 resciit,
795 2064 957 2141 filiumque
973 2065 1103 2125 monuit.

139 2165 154 2212 a·
168 2160 224 2218 1119
240 2160 312 2234 fuga
327 2156 502 2234 periculum
521 2157 659 2227 evitavit,
679 2157 859 2233 bellumque
872 2156 985 2217 indixit
1000 2159 1106 2236 Thuy-

169 2251 211 2310 ni.
238 2249 274 2308 In
290 2267 351 2326 quo
377 2249 504 2308 camah
524 2250 741 2319 Ariobarzane,
767 2250 920 2327 praefecte
943 2251 1061 2326 Lydiae
1078 2256 1107 2311 et

167 2344 271 2404 Ioniae
294 2343 450 2420 totiusque
473 2343 638 2420 Phrygiae,
663 2343 804 2404 desertus
820 2351 913 2415 esset,
940 2346 1038 2404 nihilo
1059 2365 1106 2406 se-

168 2438 259 2516 gnius
275 2435 496 2515 perseveravit,
514 2435 681 2514 vivumqu:
697 2438 819 2515 Thoym
832 2439 914 2515 cepit
930 2457 1000 2497 cum
1014 2458 1108 2499 uxore

169 2538 200 2590 91
214 2529 333 2590 liberis.
511 2605 514 2610 Ι
778 2543 782 2551 “

145 2640 151 2686 t
211 2624 349 2700 Hujus
362 2623 432 2682 facti
447 2642 485 2682 nc
496 2623 583 2700 prius
596 2625 676 2684 lama
688 2625 726 2684 ad
739 2643 845 2702 regem
859 2644 951 2703 quam
966 2626 973 2684 i
977 2644 1031 2704 pse
1041 2646 1107 2705 prr·

171 2715 291 2777 veniret
305 2715 391 2774 dedit
412 2732 549 2793 oporam.
574 2716 682 2793 ltaque
704 2717 850 2777 omnihus
872 2719 978 2779 insciis
998 2737 1034 2778 eo
1055 2718 1108 2779 uhi

171 2814 296 2869 eratrex
306 2807 402 2878 venit,
412 2813 595 2886 posteroque
608 2809 657 2869 die
672 2811 796 2888 Thuyn,
811 2811 969 2870 hominem
982 2812 1108 2872 maximi

172 2904 307 2981 corporis
319 2902 509 2980 terribilique
521 2904 609 2976 19919,
621 2905 702 2984 quod
712 2911 743 2965 et
755 2906 843 2982 niger
855 2913 885 2966 et
894 2906 1005 2984 capillo
1017 2907 1108 2986 longo

171 2997 328 3075 harhaqne
358 3004 425 3057 erat
449 2997 616 3075 promissa,
647 2999 764 3076 optima
792 3004 878 3059 veste
908 2999 994 3071 texit,
1014 3019 1108 3078 quam

172 3096 311 3168 satrapae
326 3088 403 3166 regii
421 3107 528 3166 gerere
541 3098 740 3162 consuerant,
760 3092 880 3152 ornavit
896 3093 989 3153 ctiam
1002 3101 1109 3172 torque

143 3195 158 3246 ⁶.)
172 3189 264 3260 atque
276 3181 406 3241 armillis
423 3182 698 3261 aureisoeteroque
707 3184 792 3261 regio
803 3185 903 3244 cultu:
915 3185 980 3263 ipse
993 3188 1110 3263 agresti

73 3283 78 3290 '
172 3276 288 3355 duplici
304 3274 437 3336 amiculo
457 3276 668 3338 circumdatus
690 3278 834 3356 hirtaque
859 3279 973 3352 tunica,
999 3298 1110 3358 gerens

172 3368 204 3428 in
222 3369 321 3448 capite
338 3369 458 3445 galeam
472 3373 675 3443 venatoriam,
690 3372 798 3432 dextra
812 3393 907 3433 manu
920 3373 1051 3447 clavam,
1070 3376 1110 3435 si·

174 3465 271 3525 nistra
287 3463 894 3546 999919199199191999199911999919
907 3469 1031 3546 agebat,
1042 3470 1109 3530 utsi

144 3558 267 3624 5191991
285 3557 414 3616 hostiam
431 3565 553 3635 captam
566 3561 703 3621 duceret.
718 3561 814 3630 Quem
827 3580 896 3621 cum
914 3580 1021 3622 omnes
1037 3581 1110 3623 con·

173 3651 329 3732 spirarent
351 3655 475 3730 propter
497 3651 665 3713 novitatem
682 3658 810 3713 ornatus
826 3654 1027 3731 ignotamque
1050 3657 1111 3715 lor-
