2430 4110
445 363 487 414 ΙΙΙ.
505 364 580 413 alla
610 362 783 414 excurtem.
1041 365 1088 415 115

138 470 205 534 bus
228 486 297 531 esse
323 466 436 546 coepit.
459 467 576 526 Tamen
592 464 786 543 propositum
801 463 900 527 nihilo
915 463 1086 543 1111111111-

136 563 237 642 regit.
253 563 360 640 ltaque
374 560 424 621 die
436 558 545 639 quinto
558 562 722 638 postquam
735 556 766 617 id
778 556 944 618 consilium
958 555 1081 627 inierat,

136 658 244 739 pridie
261 651 778 734 0111111111[11111110111111111111
795 655 828 715 C.
845 651 930 714 Sosio
948 653 1083 713 oonsuli—
1103 672 1118 720 l

136 753 213 823 bue,
232 749 378 811 decessit.
392 749 498 808 Elatus
511 751 558 807 est
568 745 600 806 in
613 745 768 821 lecticula,
784 751 819 807 ut
834 745 900 825 ipse
913 746 1086 825 praescrip·
1107 759 1146 822 32

139 851 241 919 serat,
259 845 327 906 sine
343 845 407 904 ulla
421 861 535 922 pompa
549 842 677 915 funeris,
696 841 916 903 comitantibus
939 841 1084 902 omnibus

139 941 249 1014 bonis,
276 939 411 1001 maxima
438 939 522 1018 vulgi
544 938 730 1016 frequentia.
755 938 902 1017 Sepultus
924 941 972 998 est
994 937 1085 1016 juxta

141 1036 229 1096 viam
246 1034 377 1114 Appiam
392 1032 429 1093 ad
443 1032 588 1112 quintum
603 1030 752 1110 lapidem,
769 1031 802 1091 in
816 1035 1020 1094 monumento
1047 1031 1081 1104 Q.

141 1128 282 1204 Caecilii,
295 1125 440 1189 avunculi
456 1125 516 1186 sui.

414 1268 473 1333 111.
496 1268 587 1332 Allo
610 1267 828 1330 EXGERPTA.

147 1405 363 1482 Fraomenlum
381 1398 525 1479 epistolae
547 1399 706 1463 Corneliae
730 1398 935 1459 Gracchorum
962 1399 1082 1460 matris.

185 1538 275 1596 Drces
290 1533 456 1614 pulchrum
472 1552 538 1594 esse
554 1532 696 1593 inimicos
711 1532 830 1593 ulcisci.
848 1531 883 1592 Id
905 1550 1008 1611 neque
1022 1550 1084 1593 ma·
1104 1561 1113 1608 ¹

143 1632 193 1709 jus
209 1647 312 1709 neque
327 1628 489 1707 pulchrius
501 1627 646 1706 cuiquam
661 1632 754 1705 atque
769 1625 846 1687 mihi
864 1645 932 1687 esse
947 1626 1082 1700 videtur,

147 1724 200 1786 sed
215 1723 242 1784 si
254 1721 346 1781 liceat
357 1739 390 1780 re
405 1720 527 1799 publica
540 1721 625 1782 solva
637 1739 672 1781 ea
687 1719 844 1798 persequi.
858 1719 917 1780 Sed
930 1724 1087 1796 quotenus

147 1820 177 1882 id
193 1816 263 1878 fieri
279 1834 341 1875 non
358 1821 472 1894 potest,
486 1815 586 1876 multo
601 1821 740 1895 tempore
757 1813 928 1893 multisque
944 1814 1084 1893 partibus

146 1907 264 1970 inimici
274 1909 373 1970 nostri
385 1927 449 1969 non
467 1907 726 1988 pr1·ibont‚otque
739 1909 785 1968 uti
796 1926 879 1995 nunc
892 1911 966 1968 suni
978 1902 1082 1980 erunt,

147 2003 249 2081 potius
264 2020 360 2082 quam
371 2021 420 2063 res
436 2001 561 2081 publico
576 2002 762 2082 profligetur
775 2008 868 2081 atque
884 2005 999 2080 pereat.

482 2139 593 2197 Eodem
608 2138 668 2228 oho
683 2138 758 2198 loco.

184 2257 297 2318 Verbis
318 2256 474 2335 conceptis
494 2256 632 2335 dejerare
654 2257 765 2334 ausim,
790 2265 1007 2337 praeterquam
1030 2260 1116 2339 quio

146 2353 304 2415 Tiberium
329 2354 503 2414 Gracchum
541 2361 704 2426 necarunt,
742 2355 900 2417 neminem
922 2356 1084 2416 inimicum

146 2453 270 2509 tantum
294 2446 453 2507 molestiae
477 2452 661 2527 tantumque
684 2449 798 2509 laboris
820 2455 972 2527 quantum
994 2455 1024 2510 te
1046 2451 1085 2510 oh

145 2541 200 2602 has
212 2559 263 2601 res
272 2539 347 2599 mibi
359 2540 525 2601 tradidisse
536 2560 643 2619 :quem
657 2542 964 2620 oportebatomniom
978 2562 1084 2605 eorum

146 2653 222 2712 quos
239 2633 371 2694 antebac
387 2633 481 2694 habui
498 2633 624 2709 liberos,
642 2640 746 2714 partes
762 2635 903 2710 tolerare,
921 2642 1014 2715 atque
1037 2657 1085 2699 cu-

145 2749 212 2793 rare
228 2736 370 2807 utquam
387 2729 553 2790 minimum
570 2731 787 2792 sollicitudinis
804 2733 836 2792 in
852 2738 977 2794 senecta
992 2735 1083 2796 habe-

145 2843 223 2897 rem,
240 2822 349 2901 utique
362 2841 567 2902 quaecunque
583 2843 692 2903 ageres
704 2843 740 2886 ea
752 2824 848 2886 velles
862 2826 993 2887 maximo
1009 2827 1084 2887 mibi
1169 2861 1172 2864 ⁴

143 2921 278 2999 placere,
296 2925 389 2998 atque
411 2916 457 2979 uti
474 2920 560 2980 nolas
582 2919 714 2981 haberes
737 2938 841 2980 rerum
861 2920 1011 3000 maJ'orum
1029 2922 1084 2982 ad-

143 3037 269 3080 versum
281 3036 383 3078 meam
395 3017 584 3078 sententiam
598 3018 764 3098 quicquam
776 3019 887 3094 lacere,
902 3021 1084 3099 praesertim

143 3112 231 3184 mihi,
251 3111 300 3172 cui
317 3130 410 3190 parva
434 3131 505 3191 pars
529 3111 610 3172 vitae
632 3117 738 3173 restat.
757 3115 801 3174 Ne
823 3113 855 3174 id
878 3114 1004 3193 quidem
1019 3120 1115 3197 tam3

141 3207 235 3268 breve
252 3205 388 3284 spatium
404 3210 508 3285 potest
522 3205 667 3284 opitulari
682 3205 757 3285 quin
772 3213 805 3268 el
825 3207 901 3267 mibi
917 3209 1082 3271 adversere

141 3307 171 3363 et
185 3320 253 3362 rem
270 3300 424 3378 publicam
447 3301 614 3380 profligas?
635 3302 774 3380 Denique
796 3320 874 3380 quac
889 3322 982 3381 pansa
1006 3306 1085 3367 erit?

144 3394 312 3472 Ecquando
328 3394 451 3454 desinet
472 3393 590 3455 familia
611 3401 718 3456 nostra
739 3396 896 3458 insanire?
918 3400 1086 3476 Ecquando

141 3490 254 3549 modos
276 3488 304 3549 ei
328 3487 373 3547 rei
397 3487 503 3548 baberi
530 3489 671 3567 poterit?
704 3491 872 3567 lequaudo
906 3493 1085 3567 desinemus

142 3586 171 3641 11
192 3582 345 3643 habentos
369 3589 400 3644 et
429 3585 619 3681 praebentes
652 3586 802 3648 molestiis
834 3587 1003 3653 insistere?
1034 3594 1088 3652 Ec·

141 3676 270 3754 quando
292 3650 502 3757 perpodes‘cet
523 3679 684 3740 miscenda
706 3685 799 3760 atque
821 3681 1032 3760 perturbanda
1052 3696 1086 3749 re
