2430 4110
358 335 409 384 xv.
430 333 658 387 Eelrrlaonnns.
679 338 702 386 7.
721 333 747 386 8ss
988 336 1037 388 ol‘

78 433 160 494 simo
174 434 366 514 legationum
390 441 544 496 conventu
565 437 608 497 sic
631 438 947 500 Lacedaemoniorum
971 445 1021 517 ty-

77 519 246 595 rannidem
268 531 417 611 coarguit,
440 536 560 594 utnon
583 534 687 595 minus
709 535 763 594 illa
785 535 923 596 oratione
945 554 1019 615 opes

76 643 187 687 eorum
205 627 396 688 concusserit
411 646 503 705 quam
524 628 684 687 Leuctrica
700 647 815 706 pugna.
841 629 917 687 Tum
935 629 1020 689 enim

76 721 221 800 perfecit,
239 722 320 799 quod
337 725 407 799 post
432 721 586 799 apparuit,
604 727 640 781 ut
654 723 768 782 auxilio
785 722 1021 784 Lacedaemonii
1102 712 1111 725 ⁸

76 817 235 879 sociorum
251 816 458 896 privarentur.

123 918 158 971 a.
172 910 280 972 Fuisse
291 911 459 989 patientem
474 928 661 988 suorumque
673 911 802 991 injurias
814 913 965 990 ferentem
978 913 1021 973 ci·
1035 942 1046 992 1

75 1000 1020 1080 vium,quodsepatriaeirascinetasesseduceret,haeesunt

76 1096 270 1158 testimonia.
283 1097 359 1158 Cum
373 1114 445 1155 eum
457 1099 582 1173 propler
593 1096 742 1156 invidiam
757 1096 838 1157 cives
851 1097 898 1157 sui
910 1097 1020 1176 praefr-

75 1209 150 1253 corc
166 1189 315 1270 exercitui
338 1188 522 1258 noluissent,
547 1188 671 1267 duxque
690 1193 772 1249 esset
785 1189 923 1250 delectus
944 1189 1018 1250 belli

76 1283 353 1364 irnperituS,cnjus
367 1301 470 1343 errore
487 1301 537 1342 res
554 1301 588 1343 eo
607 1287 690 1343 esset
701 1283 846 1355 deducta,
864 1287 901 1342 ut
912 1302 1019 1343 ornnes
1037 1289 1100 1348 366

77 1381 120 1440 de
160 1379 259 1438 salute
282 1376 550 1455 pertimescerent,
584 1376 666 1453 quod
702 1376 840 1437 locorum
867 1376 1019 1454 angustiis

77 1472 178 1532 clausi
207 1471 246 1530 ab
272 1469 413 1529 hostibus
450 1465 683 1540 obsidebantur,
712 1469 882 1528 desiderari
911 1474 1019 1547 coepta

78 1571 130 1627 est
160 1563 392 1643 Epaminondae
408 1562 584 1640 diligentia:
609 1566 675 1622 erat
704 1562 786 1622 enim
810 1561 851 1621 ibi
878 1561 1018 1640 privatus

78 1677 211 1720 numero
245 1657 365 1717 militis.
394 1657 420 1714 Α·
451 1675 513 1733 quo
546 1675 616 1716 cum
649 1661 792 1735 peterent
821 1675 922 1735 opem,
952 1657 1046 1718 nul-2

77 1755 142 1815 lam
158 1751 301 1813 adhibuit
312 1749 493 1808 memoriam
509 1749 727 1822 contumeliae,
741 1755 772 1809 et
784 1749 952 1809 exereitum
965 1750 1018 1809 ob-

81 1849 202 1910 sidione
215 1845 380 1905 liberatum
390 1842 518 1902 domum
526 1843 650 1902 reduxit
660 1843 859 1904 incolumem.
874 1844 934 1902 Nec
945 1860 1045 1907 veroa

78 1943 138 2002 hoc
152 1938 250 2000 semel
271 1935 356 2007 lecit,
381 1935 434 1995 sed
459 1934 600 2013 saepins;
624 1935 758 1995 maxime
780 1941 884 1996 autem
906 1933 1016 1995 fuitil·

79 2037 190 2106 lustre,
214 2050 286 2091 cum
308 2030 340 2090 in
356 2028 605 2106 Peloponnesum
623 2030 792 2089 exercitum
807 2028 947 2088 duxisset
961 2027 1016 2087 ad·
1031 2039 1090 2099 370

78 2147 187 2190 versus
202 2122 473 2192 Lacedaemonios,
491 2121 679 2200 haberetque
695 2123 827 2199 collegas
838 2122 927 2191 duos,
941 2140 1017 2199 quo-

77 2243 149 2284 rum
161 2222 242 2282 alter
252 2224 317 2279 erat
329 2216 501 2293 Pelopdas,
517 2215 565 2274 vir
575 2217 662 2298 fortis
674 2237 709 2277 ac
721 2223 879 2278 strenuus.
895 2217 934 2276 lli
946 2236 1017 2277 cum

77 2309 1014 2381 criminibusadversariorumomnesininvidiamvenissent,

77 2410 117 2470 ob
131 2424 264 2484 eamque
279 2423 345 2464 rem
361 2402 527 2481 imperium
541 2403 578 2464 iis
592 2410 673 2466 esset
684 2407 866 2484 abrogatum
879 2409 971 2482 atque
983 2403 1015 2462 in

76 2521 186 2567 etrum
195 2498 357 2562 locumalii
370 2502 526 2577 praetores
538 2499 771 2571 successissent,
785 2498 1016 2578 Epaminondas
1029 2502 1044 2550 l

79 2601 187 2683 populi
203 2599 281 2661 scito
296 2616 358 2657 non
371 2596 487 2676 paruit;
506 2597 650 2677 idemque
666 2604 701 2658 ut
712 2599 849 2660 iacerent
863 2597 1017 2678 persuasit

80 2695 220 2774 collegis,
238 2697 270 2752 et
285 2691 414 2760 bellum,
439 2691 522 2768 qnod
541 2698 730 2771 susceperat,
745 2694 862 2772 gessit:
881 2710 1015 2771 namque

80 2779 360 2857 animadvertebat,
374 2783 433 2844 nisi
446 2784 476 2843 id
488 2784 623 2858 lecisset,
632 2790 732 2846 totum
744 2787 910 2848 exercitum
923 2804 1014 2864 prop-

80 2890 128 2944 ter
142 2885 320 2962 praetorum
342 2877 585 2955 imprudentiam
608 2876 824 2956 inscitiamque
845 2878 918 2938 belli
933 2877 1015 2956 peri·

81 2982 199 3038 turum.
215 2975 279 3035 ‘Lex
295 2976 361 3032 erat
382 2971 496 3032 Thebis
511 2990 590 3050 quae
608 2979 708 3033 morte
724 2973 887 3044 multabat,
904 2971 929 3032 si
946 2972 1044 3051 quise

82 3068 249 3150 imperium
272 3067 388 3127 diutius
413 3066 592 3128 retinuisset
613 3085 705 3146 quam
726 3068 795 3148 lege
817 3068 1014 3148 praefinitum
1097 3056 1102 3088 ¹

80 3165 169 3226 leret.
184 3163 271 3221 Hanc
285 3159 515 3238 Epaminondas
530 3179 599 3221 cnm
614 3162 660 3222 rei
676 3164 817 3242 publicae
833 3183 1015 3224 conservan-
1044 3160 1046 3165 ’

80 3258 137 3319 dae
150 3255 347 3317 consolatam
358 3254 488 3326 videret,
502 3256 541 3316 ad
553 3256 720 3334 perniciem
734 3257 866 3318 civitatis
878 3259 1015 3318 conferre
1099 3292 1100 3297 κ

80 3350 191 3421 noluit,
209 3354 241 3408 et
255 3353 386 3426 quatuor
400 3349 560 3409 mensibus
573 3350 689 3410 diutius
702 3370 792 3429 quam
807 3352 937 3431 populus
945 3351 1014 3430 jus·

81 3445 162 3506 snm
177 3444 274 3522 gessit
289 3442 465 3521 imperium.

86 3551 89 3557 ·
121 3541 337 3615 slmsrquam
354 3538 480 3596 domum
497 3539 630 3599 reditum
647 3545 705 3613 cst,
722 3542 858 3619 collegae
874 3541 939 3620 ejus
956 3543 1040 3600 hoel

80 3633 207 3694 cristisc
223 3632 460 3693 accusabantur.
478 3632 595 3703 Quibus
610 3633 663 3695 ille
683 3635 824 3713 permisit
840 3641 875 3694 ut
890 3652 1014 3694 omnem

865 3732 884 3789 4
