2430 4110
422 333 451 383 V.
471 328 576 384 elnon.
595 335 620 384 5.
638 336 662 384 l.
987 331 1017 381 et

112 441 273 512 &Quibus
283 441 375 502 rebus
384 460 453 501 cum
464 461 545 502 unus
557 441 720 506 incivitate
733 443 865 505 maxime
877 445 1011 513 floreret,
1031 454 1042 501 t

81 533 192 594 incidit
209 535 241 593 in
261 535 391 594 eandem
413 534 562 596 invidiam
577 537 609 596 iu
625 555 718 615 quam
734 543 821 614 pater
835 557 910 597 suus
933 541 1014 596 cete-

82 628 170 706 rique
184 627 590 706 Atheniensiumprincipcs.
605 628 1013 706 Namtestarumsullragiis,

83 720 174 797 (quod
187 719 231 780 illi
247 716 462 806 ὀστρακισμὸν
475 720 607 803 vocant),
621 723 730 782 decem
741 741 893 784 annorum
907 721 1013 784 exsilio
1025 737 1084 796 459

82 813 232 873 multatus
243 818 301 874 est.
318 813 410 891 Cujus
422 813 494 873 facti
506 813 637 874 celerius
649 815 853 875 Athenienses
865 833 957 892 quam
971 813 1014 890 ip·
1031 844 1046 892 ⁶2

82 921 151 964 sum
166 906 329 984 poenituit.
339 907 416 966 Nam
429 924 499 964 cum
508 905 561 965 ille
575 906 678 966 animo
687 907 758 966 torti
770 905 1015 982 invidiaeingra·

83 1001 183 1057 torum
196 998 309 1058 civium
324 997 476 1069 cessisset,
486 997 665 1076 bellumque
674 998 909 1059 Lacedaemonii
922 999 1016 1057 Atho-

82 1089 245 1151 mensibus
269 1091 464 1162 indixissent,
495 1091 657 1151 confestim
686 1096 775 1152 notae
800 1091 867 1169 ejus
892 1089 1014 1151 virtutis

83 1183 272 1244 desiderium
286 1188 483 1245 consecutum
500 1189 558 1246 est.
583 1183 690 1262 Itaque
709 1190 779 1264 post
793 1203 910 1245 annum
925 1183 1014 1262 quin·
1031 1204 1048 1252 5

83 1282 149 1337 tum
165 1296 257 1355 quam
273 1280 420 1357 expulsus
444 1283 520 1352 erat,
552 1279 583 1339 in
613 1279 744 1357 patriam
769 1282 929 1339 revocatus
955 1283 1011 1338 est.
1027 1287 1084 1349 454

84 1374 150 1444 llle,
168 1375 249 1452 quod
265 1375 396 1455 hospitio
412 1376 726 1437 Lacedaemoniorum
741 1376 897 1447 utebatur,
920 1373 1016 1434 satius

83 1469 303 1533 existimans...
319 1473 517 1545 contendere,
537 1473 803 1534 Lacedaemonem
826 1490 882 1532 sua
907 1473 1016 1548 sponte

84 1567 131 1622 est
144 1564 310 1642 proiectus,
328 1576 497 1645 pacemque
512 1564 593 1626 inter
608 1567 685 1626 duas
699 1564 929 1645 potentissimas
943 1562 1017 1625 civi-

84 1661 164 1718 tates
187 1659 373 1720 conciliavit.
389 1662 473 1733 Post,
489 1678 590 1738 noque
604 1659 647 1720 ita
662 1658 771 1732 multo,
797 1661 930 1736 Cyprum
944 1675 1014 1715 cum
1033 1695 1049 1714 2

84 1749 225 1810 ducentis
239 1750 370 1812 navibus
385 1752 394 1811 i
400 1772 425 1810 m
431 1758 552 1829 perator
566 1751 690 1822 missus,
704 1770 775 1810 cum
787 1752 853 1828 ejus
867 1749 1014 1826 majorem

84 1849 205 1921 partem
227 1844 347 1907 insulae
366 1846 543 1918 devicisset,
571 1845 602 1904 in
629 1845 770 1906 morbum
798 1842 968 1922 implicitus
983 1841 1015 1900 in

84 1937 196 2016 oppido
211 1938 287 2000 Citio
300 1944 349 2000 est
362 1945 514 2001 mortuus.
1028 1935 1087 1994 449

124 2038 161 2091 Δ.
184 2031 272 2090 Hunc
288 2030 493 2092 Athenienses
508 2050 568 2091 non
582 2031 682 2092 solum
696 2030 728 2091 in
742 2029 835 2102 bello,
853 2030 907 2092 sed
923 2027 1015 2089 etiam
1036 2036 1046 2083 1

85 2122 117 2182 in
140 2143 215 2203 pace
230 2124 283 2184 diu
298 2125 564 2186 desideraverunt.
583 2126 655 2188 Fuit
680 2126 763 2186 enim
778 2130 864 2185 tanta
879 2123 1016 2184 liberali·

85 2221 238 2289 tetecum
251 2218 462 2296 compluribus
473 2218 547 2278 locis
558 2218 683 2296 praedia
697 2219 863 2296 hortosque
875 2218 1013 2290 haberet,

85 2312 120 2366 ut
133 2327 304 2386 numquam
320 2307 351 2368 in
364 2310 409 2370 eis
421 2310 578 2370 custodem
591 2309 730 2388 posuerit
743 2310 861 2371 tructus
873 2309 1016 2370 servandi

85 2396 193 2480 gratia,
212 2421 251 2463 nc
266 2405 333 2481 quis
349 2404 552 2482 impediretur
566 2423 625 2483 qno
640 2405 743 2465 minus
759 2405 871 2483 quibus
886 2404 1016 2483 quisquc

86 2496 191 2568 vellet,
208 2496 371 2556 frueretur.
387 2497 515 2575 Semper
530 2515 601 2557 eum
618 2497 778 2575 pedisequi
793 2515 864 2557 cum
879 2495 1015 2557 nummis
1033 2506 1049 2554 e
1067 2565 1071 2575 Ι

87 2591 159 2647 sunt
183 2587 293 2660 secuti,
309 2591 355 2660 ut,
383 2586 409 2648 si
431 2588 500 2666 quis
525 2588 592 2665 opis
610 2587 677 2665 ejus
701 2573 1017 2666 indigeret,'haberet

90 2678 171 2755 quod
196 2678 300 2739 statim
327 2680 425 2752 daret,
454 2698 494 2739 ne
519 2679 688 2740 differendo
706 2680 865 2740 videretur
889 2697 1013 2758 negare.

86 2771 193 2850 Saepe,
217 2791 288 2832 cum
309 2772 445 2851 aliquem
465 2772 616 2833 offensum
631 2772 756 2832 fortuito
772 2772 892 2832 videret
912 2772 1016 2831 minus

85 2864 163 2925 bene
189 2865 349 2937 vestitum,
376 2883 466 2925 suum
487 2865 655 2926 amiculum
679 2864 776 2924 dedit.
807 2864 949 2934 Quotidie
971 2863 1015 2923 sio
1033 2874 1068 2922 5·

86 2975 179 3018 coena
205 2959 233 3019 ei
258 2960 458 3037 coquebatur,
486 2964 521 3018 ut
548 2977 623 3035 quos
648 2957 805 3017 invocatos
830 2955 959 3017 vidisset
983 2955 1016 3015 in

10 3078 12 3083 ·
85 3050 159 3124 loro,
174 3069 282 3112 omncs
295 3052 471 3124 devocaret;
485 3051 566 3130 quod
581 3051 681 3112 fucere
695 3050 815 3110 nullum
829 3049 912 3110 diem
927 3066 1016 3128 prac-

86 3143 286 3204 termittebat.
311 3144 393 3205 Nulli
409 3144 486 3204 fides
501 3144 579 3220 ojus,
602 3143 678 3203 nulli
694 3161 797 3222 opera,
815 3141 893 3201 nulli
907 3161 956 3202 res
970 3143 1016 3202 fa-

87 3238 214 3298 miliaris
227 3237 345 3311 detuit;
372 3239 486 3298 multos
507 3237 708 3315 locupletavit
721 3257 728 3309 ;
755 3236 929 3315 complures
944 3255 1017 3314 puu-

87 3350 173 3410 peres
196 3340 334 3394 mortuos
359 3332 410 3409 qui
430 3332 512 3392 unde
538 3331 721 3391 efferrentur
736 3349 797 3390 non
819 3328 1017 3406 reliquissent

89 3442 140 3484 suo
151 3415 278 3502 sumptu
294 3424 413 3484 extulit.
431 3425 479 3484 Sic
498 3443 530 3484 se
543 3424 678 3501 gerendo
695 3422 822 3483 minime
839 3427 885 3482 est
900 3422 1049 3483 miron-t

89 3518 158 3579 dum
171 3519 196 3579 si
211 3524 240 3580 et
255 3517 316 3580 vita
332 3517 398 3594 ejus
413 3515 471 3575 suit
483 3535 591 3576 secura
606 3520 637 3576 et
652 3534 734 3576 mors
750 3514 872 3576 acerba.
1066 3509 1069 3512 ’
