2430 4110
561 109 647 156 xt'llt.
663 108 822 158 leuatum-IS.
847 110 886 157 ltl.
952 137 959 143 ·

265 229 331 269 rum
354 210 489 271 contrahi
516 230 575 270 uon
599 229 700 288 posse,
721 230 813 288 quarn
838 211 1008 289 Antigonus
1031 210 1162 271 affatui

235 311 252 355 2
268 303 436 363 videbatur.
452 304 508 363 Hic
521 303 663 363 omnibus
678 303 879 363 titubantibus
894 311 925 363 et
938 303 1080 364 derebus
1099 322 1114 365 s
1142 329 1154 354 ιι
1177 292 1179 297 Χ

264 398 321 456 mis
344 398 590 476 desperantibus
604 401 755 457 Eumenes
769 397 826 468 ait,
849 397 872 455 si
888 398 1074 457 celeritatem
1090 387 1184 459 velin

264 492 405 551 adhibere
417 498 447 551 el
459 493 604 570 imperata
618 493 726 560 facere,
743 492 823 568 quod
842 498 911 550 ante
926 511 986 551 non
1001 492 1138 574 fecerint,
1151 519 1167 546 ³.
1188 479 1192 491 ’

264 605 326 645 rem
351 585 563 663 expediturum
583 601 678 647 :narn
697 585 777 660 quod
799 585 906 643 diebus
930 585 1066 662 quinque
1090 584 1167 645 hosti
1202 586 1208 605 ‘

264 681 402 740 transisse
418 686 534 759 posset,
558 697 589 738 se
607 679 786 737 ellectururn
809 685 840 737 ul
864 697 924 737 nou
942 678 1045 737 miuus
1056 670 1172 738 lotide

262 775 378 833 dierum
401 773 496 850 spatio
519 772 741 842 retardaretur;
761 792 854 848 quare
874 773 1090 844 circumirent,
1112 791 1162 840 su
1187 765 1190 787 ¹

235 868 388 946 3qrrisque
410 867 599 948 contraheret
615 867 725 945 copias.
744 867 786 926 Ad
806 866 947 944 Antigoni
962 871 1067 925 autem
1087 864 1173 927 relm-

261 960 396 1019 nandum
418 959 566 1036 impeturn
590 960 649 1019 tale
669 961 744 1039 capit
771 960 940 1019 consilium⁴
966 959 1068 1019 Certos
1088 949 1175 1019 milti

263 1054 398 1113 homines
408 1052 443 1111 ad
455 1051 575 1112 intimos
583 1059 701 1112 montes
710 1053 760 1130 qui
777 1042 952 1112 obviierant.
962 1051 1064 1112 itineri
1073 1054 1176 1114 adver-

260 1149 418 1217 sariorum,
441 1148 536 1225 iisque
549 1147 691 1225 praecipit
702 1194 709 1218 ,
720 1153 755 1206 ut
770 1149 868 1225 prima
882 1153 979 1219 nocte,
993 1165 1086 1224 quam
1099 1148 1174 1207 latis·

260 1244 335 1303 sirne
348 1242 480 1320 possint,
501 1243 585 1319 ignes
604 1243 712 1301 faciant
726 1262 818 1320 quam
838 1241 996 1312 maximos,
1019 1247 1112 1319 atque
1128 1243 1175 1301 bot

232 1345 247 1390 l
261 1335 392 1395 secunda
406 1335 508 1412 vigilia
525 1333 676 1406 minuant,
694 1336 781 1394 tertia
795 1333 972 1413 perexiguos
993 1334 1132 1404 reddant,
1143 1338 1176 1395 ut

259 1429 429 1488 assinrulata
458 1434 623 1487 castrorum
643 1429 861 1486 consuetudine
885 1427 1088 1504 suspicionem
1111 1428 1175 1505 inji-

258 1523 335 1582 ciant
350 1523 486 1581 hostibus
505 1521 551 1578 bis
565 1520 637 1578 locis
650 1540 714 1580 esse
726 1528 821 1580 castra
832 1540 866 1579 ac
880 1521 916 1579 de
929 1539 1034 1580 corum
1046 1521 1175 1581 adventu

258 1636 321 1677 esse
345 1615 609 1694 praenuntiatum,
637 1615 777 1693 idemque
797 1620 915 1693 postera
940 1620 1028 1673 nocte
1055 1616 1173 1675 faciant.

231 1721 245 1766 5
260 1710 375 1780 Quibus
391 1709 572 1785 imperatum
587 1715 661 1777 erat,
677 1708 837 1786 diligenter
850 1714 1045 1786 praeceptum
1059 1714 1173 1768 curant.

258 1803 426 1880 Antigonus
440 1799 573 1859 tenebris
587 1800 700 1859 obortis
715 1801 799 1878 ignes
810 1801 1019 1878 conspicatur;
1035 1802 1130 1863 credit
1141 1802 1175 1862 de

256 1916 311 1956 suo
322 1896 455 1952 adventu
470 1910 533 1951 esse
545 1891 683 1951 auditum
695 1899 724 1952 et
735 1893 921 1952 adversarios
935 1893 1008 1952 illuc
1022 1912 1092 1954 suas
1107 1891 1175 1956 cori·

228 1989 380 2048 otiarisse
395 1971 628 2063 copiasitnturat
652 1987 832 2056 consilium,
851 1993 881 2045 et.
901 1980 1045 2064 quisniam
1064 1988 1175 2067 impru-

257 2082 379 2141 dentem
400 2078 509 2137 adoriri
534 2096 594 2137 nou
615 2086 724 2155 posset,
741 2080 833 2138 llectit
857 2079 914 2138 iter
934 2099 1024 2140 saum
1046 2088 1077 2142 et
1090 2081 1175 2142 illum

256 2176 425 2235 anfractum
440 2171 605 2251 longiorem
627 2173 761 2249 copiosae
776 2173 842 2234 viae
862 2173 961 2251 capit,
979 2175 1082 2253 ibique
1096 2176 1176 2237 diem

257 2287 352 2327 unum
368 2265 523 2344 opperitur
542 2264 581 2324 ad
599 2264 807 2326 lassitudinem
821 2265 984 2325 sedandam
997 2267 1132 2327 militum
1144 2286 1177 2328 ac

256 2359 418 2419 reficienda
424 2360 574 2436 jumenta,
595 2377 655 2435 quo
669 2358 831 2436 integriore
845 2358 978 2418 exercitu
989 2359 1175 2423 decerneret.

228 2459 240 2503 ¹
298 2453 362 2510 Ιθ.
379 2451 434 2511 Hic
456 2454 607 2510 Eumenes
621 2450 763 2509 callidum
785 2452 996 2531 imperatorem
1011 2453 1084 2513 vicit
1104 2473 1177 2516 con·

186 2540 341 2621 3¹5silio,
371 2547 614 2625 celeritatemque
642 2546 801 2625 impedivit
824 2549 911 2626 ejus,
941 2566 1040 2625 neque
1073 2553 1178 2611 tamen

226 2657 241 2701 ι
255 2645 387 2704 multum
399 2643 533 2721 profecit.
546 2643 620 2700 Nam
634 2641 746 2702 invidia
760 2642 873 2702 ducum
889 2662 960 2702 cunr
974 2642 1086 2720 quibus
1100 2653 1176 2719 erat,

254 2738 438 2816 perfidiaque
463 2736 662 2794 Macedonum
684 2740 918 2804 veteranorum,
944 2755 1014 2795 cum
1038 2739 1178 2815 superior

255 2829 366 2909 proelio
390 2828 587 2897 discessisset,
604 2828 753 2904 Antigono
768 2833 811 2887 est
826 2828 962 2898 deditus,
980 2847 1049 2887 cum
1064 2833 1179 2893 exerci-

256 2931 303 2983 tus
313 2923 340 2982 ei
356 2926 484 2981 terente
500 2921 645 2999 separatis
656 2920 844 2998 temporibus
852 2921 982 2997 jurasset
993 2938 1024 2979 se
1039 2939 1111 2982 eum
1125 2924 1177 2986 de·

252 3020 410 3078 sensurum
426 3034 525 3093 neque
549 3033 694 3091 umquarn
715 3013 918 3073 deserturum.
938 3013 996 3074 Sed
1010 3019 1094 3074 tanta
1117 3008 1177 3078 lull

253 3111 470 3173 nonnullorum
495 3109 617 3169 virtutis
639 3108 834 3178 obtrectatio,
857 3114 893 3167 ul
920 3108 1012 3167 fidem
1036 3109 1177 3172 amittere

226 3208 481 3282 zmallentquam
496 3222 566 3264 eum
588 3221 648 3262 non
664 3202 799 3280 perdere.
823 3207 921 3283 Atque
942 3203 1025 3262 buno
1048 3205 1176 3285 Antigo-
1200 3264 1204 3271 ,

253 3324 329 3375 nus,
346 3319 415 3360 cum
434 3298 461 3359 ei
481 3298 585 3357 fuisset
600 3295 828 3367 infestissimus,
844 3302 1066 3371 conservasset,
1081 3299 1105 3358 si
1121 3318 1177 3378 per

253 3418 324 3459 suos
337 3398 412 3456 osset
428 3393 544 3452 licitum
555 3436 563 3463 ,
576 3389 656 3469 quod
671 3389 709 3449 ab
720 3390 804 3450 nullo
818 3409 849 3450 se
861 3391 929 3468 plus
940 3390 987 3470 adj
993 3394 1075 3452 nuni
1088 3397 1175 3472 posse
