2430 4110
364 359 407 408 xit
437 360 604 409 (lllAlllllAS.
626 363 647 408 t.
667 362 690 410 9.
710 363 734 409 5·

327 524 330 530 '
419 518 479 572 XII.
509 517 688 573 canemus.

131 665 164 721 Ι.
182 664 542 751 CunnnrasAtheniensis.
565 669 620 728 llic
635 687 755 746 quoque
770 669 800 726 in
816 668 944 728 sirmmis
958 669 1012 728 ha·
1030 684 1039 729 t

59 778 63 783 ·
88 755 172 816 bitus
194 763 238 818 est
253 759 384 819 ducibus
398 779 505 838 resque
530 756 643 821 multas
663 761 808 821 memoria
824 760 930 839 dignas
944 781 1011 840 ges-

87 848 137 907 sit.
155 851 214 911 Sed
229 871 266 912 ex
279 853 326 911 his
342 853 440 912 elucet
454 854 584 914 maxime
600 855 759 914 inventum
774 855 800 931 ej
806 873 839 912 us
855 854 885 912 in
901 855 1013 932 proelio

88 942 266 1022 quodapud
280 946 398 1005 Thebas
410 947 478 1005 lecit
489 991 502 1027 ,1
516 965 586 1006 curn
598 947 715 1006 Boeotis
724 946 858 1007 subsidio
870 947 1011 1008 venisset.
1028 948 1085 1006 388

88 1037 226 1116 Namque
239 1039 314 1099 ineo
326 1040 449 1100 victoria
459 1041 604 1101 fidentem
620 1061 776 1102 summurn
786 1042 895 1101 ducem
911 1041 1011 1120 Agesi-
1027 1066 1042 1110 ρ

88 1127 172 1188 laum
188 1131 344 1209 impedivit
356 1151 362 1191 ε
373 1133 484 1211 iugatis
495 1135 605 1212 jamah
619 1154 654 1196 co
665 1135 862 1195 conducticiis
873 1134 1012 1204 catervis,

88 1221 238 1300 reliquam
263 1226 444 1304 phalangem
473 1227 538 1288 loco
561 1228 657 1288 vetuit
681 1228 812 1298 cedere,
842 1227 1013 1304 obnixoque

87 1332 168 1392 genn
191 1321 288 1389 scuto,
311 1319 443 1396 projecta
457 1320 543 1379 hasta
563 1320 712 1398 impetum
727 1320 864 1397 excipere
879 1318 1011 1378 hostium

87 1406 201 1466 docuit.
219 1408 254 1467 ld
273 1428 387 1469 novum
406 1411 563 1490 Agesilaus
576 1418 724 1473 contuens
740 1409 878 1491 progredi
891 1429 952 1469 non
967 1416 1012 1470 est

87 1518 191 1573 ausus,
212 1521 342 1581 suosque
363 1505 427 1582 jam
454 1506 643 1565 incurrentes
666 1506 738 1565 luha
763 1503 926 1565 revocavit.
949 1505 1040 1563 Hoc³
1123 1570 1127 1575 ,

87 1613 184 1671 usque
209 1614 245 1655 eo
265 1601 328 1657 tota
350 1599 474 1659 Graecia
497 1601 578 1659 fama
599 1599 785 1659 celebratum
811 1602 877 1669 cst,
901 1603 933 1656 ut
960 1597 1011 1657 illo

87 1693 168 1746 statu
183 1689 326 1750 Chabrias
344 1692 400 1750 sibi
412 1698 544 1752 statuam
559 1692 625 1751 fieri
639 1692 781 1760 voluerit,
798 1709 875 1767 quac
891 1691 1010 1767 publice

86 1781 111 1839 ei
128 1781 167 1840 ab
181 1783 417 1844 Atheniensibus
432 1785 463 1844 in
478 1787 542 1845 toro
557 1785 720 1845 constituta
739 1789 794 1844 est.
813 1786 855 1842 Ex
870 1802 931 1860 qao
948 1786 1010 1843 sac-

87 1879 151 1934 tum
175 1880 221 1935 est
253 1883 286 1936 ut
308 1885 410 1954 postea
432 1879 563 1938 athletae
585 1877 736 1955 ceterique
755 1877 886 1935 artifices
902 1877 937 1935 iis
952 1883 1010 1936 sta-

86 1969 167 2028 tibus
192 1969 223 2028 in
242 1971 349 2030 statuis
363 1971 510 2049 ponendis
529 1976 700 2043 uterentur,
717 1971 829 2048 quibus
851 1970 1009 2030 victoriam

84 2063 301 2142 esscntadcpti.
738 2069 740 2074 ’

124 2159 163 2215 ⁶2.
189 2158 331 2219 Chabrias
345 2162 447 2215 antem
465 2156 562 2214 multa
579 2154 610 2213 in
633 2157 760 2233 Europa,
776 2154 856 2213 bella
876 2153 1005 2211 aclmini-
1025 2157 1032 2201 ¹

84 2251 207 2321 stravit,
226 2269 296 2310 cum
309 2250 371 2309 dux
390 2248 622 2310 Atheniensium
638 2252 731 2319 esset3
755 2247 787 2305 in
801 2250 938 2324 Aegypto
952 2266 1006 2306 saa

83 2348 187 2420 sponte
202 2342 305 2420 gessit.
322 2344 398 2401 Nam
421 2341 606 2401 Nectenebin
619 2339 761 2418 adjutum
772 2339 944 2417 protectus,
960 2357 1006 2397 re-

82 2455 176 2514 gnum
193 2436 219 2496 ci
243 2436 409 2496 constituit.
430 2436 512 2495 Fecit
527 2435 607 2495 idem
629 2435 737 2514 Cypri,
765 2434 817 2494 scd
831 2433 951 2510 publice
966 2433 1032 2490 aha

82 2529 316 2593 Atheniensibus
328 2533 480 2606 Evaghrae
492 2528 612 2606 adjutor
621 2528 721 2599 datae,
733 2515 830 2605 neque
839 2527 922 2604 prins
932 2525 1001 2585 inde
1016 2540 1079 2599 390.

82 2620 212 2683 discessit
228 2642 318 2700 quam
338 2629 431 2683 totam
448 2623 579 2682 insulam
596 2622 676 2684 bello
690 2622 874 2695 devinceret,
890 2641 950 2701 qua
968 2623 1076 2681 cxl-1³80

81 2733 110 2775 re
128 2717 328 2777 Athenienses
348 2736 491 2794 maguam
512 2717 639 2795 gloriam
660 2722 732 2777 sunt
746 2717 857 2796 adepti.
875 2716 1000 2776 Interim
1016 2745 1031 2789 3

81 2807 192 2869 bellum
209 2810 288 2870 inter
303 2810 465 2889 Aegyptios
479 2816 509 2869 et
525 2813 632 2870 Persas
655 2811 818 2870 contlatnm
835 2815 890 2868 cst.
907 2808 1000 2868 Athe-

81 2902 196 2964 nicnses
217 2922 287 2963 cum
302 2906 464 2962 Artaxerxe
479 2902 651 2962 societatem
668 2902 831 2973 habebant,
854 2900 1000 2960 Lacedae-

80 2996 169 3055 monii
187 3014 257 3054 eum
273 2995 439 3074 Aegyptiis,
452 3014 470 3054 a
484 2994 595 3072 quibus
616 3012 741 3072 magnas
755 2994 880 3072 praedas
896 2994 999 3072 Agesi-

79 3086 153 3161 laus,
169 3108 221 3149 rex
237 3107 341 3149 corum
354 3135 360 3159 ,
375 3088 513 3149 faciebat.
532 3087 564 3146 ld
580 3089 702 3147 intuens
714 3088 867 3159 Chabrias,
885 3107 955 3146 cum
968 3087 999 3146 in

77 3197 107 3242 re
122 3185 205 3244 nulla
220 3184 356 3263 Agesilao
371 3183 501 3253 cederet,
516 3201 570 3242 sua
591 3187 696 3260 sponte
708 3200 758 3241 eos
773 3181 820 3259 adj
826 3186 911 3239 ntum
927 3199 997 3258 pro-

78 3275 185 3349 tectus,
196 3276 360 3356 Aegyptiae
369 3274 453 3335 classi
464 3275 605 3354 praescit,
618 3273 808 3352 pedestribus
819 3271 910 3350 copiis
922 3276 996 3350 Age-

76 3370 176 3432 silaus.

114 3466 152 3524 8.
183 3468 261 3525 Tum
295 3463 437 3542 praelecti
465 3463 545 3540 regis
571 3465 680 3522 Persae
707 3463 820 3542 legatos
844 3463 1019 3524 miseruntl

72 3558 215 3631 Athenas,
232 3562 374 3636 questum
385 3556 465 3634 qarod
478 3554 620 3631 Chabrias
641 3554 803 3616 adversum
814 3558 917 3636 regem
928 3557 992 3616 hel-

73 3646 135 3713 lum
163 3658 279 3734 gereret
293 3671 363 3712 cum
379 3649 545 3730 Aegyptiis.
565 3650 764 3710 Athenienses
780 3651 859 3710 diem
880 3658 991 3712 certam
