<?xml version="1.0" encoding="UTF-8"?>
<!DOCTYPE html PUBLIC "-//W3C//DTD XHTML 1.0 Transitional//EN"
    "http://www.w3.org/TR/xhtml1/DTD/xhtml1-transitional.dtd">
<html xmlns="http://www.w3.org/1999/xhtml" xml:lang="en" lang="en">
 <head>
  <title>
</title>
<meta http-equiv="Content-Type" content="text/html;charset=utf-8" />
  <meta name='ocr-system' content='tesseract 3.04.00' />
  <meta name='ocr-capabilities' content='ocr_page ocr_carea ocr_par ocr_line ocrx_word'/>
</head>
<body>
  <div class='ocr_page' id='page_1' title='image "./corneliinepotis00roergoog_0080.png"; bbox 0 0 2430 4110; ppageno 0'>
   <div class='ocr_carea' id='block_1_1' title="bbox 439 335 1084 389">
    <p class='ocr_par' dir='ltr' id='par_1_1' title="bbox 439 335 1084 389">
     <span class='ocr_line' id='line_1_1' title="bbox 439 335 1084 389; baseline 0.008 -5"><span class='ocrx_word' id='word_1_1' title='bbox 439 335 514 384; x_wconf 83' lang='lat' dir='ltr'>xvtl.</span> <span class='ocrx_word' id='word_1_2' title='bbox 533 335 720 386; x_wconf 85' lang='lat' dir='ltr'>AGESlLAUS.</span> <span class='ocrx_word' id='word_1_3' title='bbox 738 337 763 386; x_wconf 71' lang='grc' dir='ltr'>Ξ.</span> <span class='ocrx_word' id='word_1_4' title='bbox 781 339 807 388; x_wconf 78' lang='grc'>5.</span> <span class='ocrx_word' id='word_1_5' title='bbox 1053 339 1084 389; x_wconf 82' lang='grc'>67</span> 
     </span>
    </p>
   </div>
   <div class='ocr_carea' id='block_1_2' title="bbox 135 431 1188 3691">
    <p class='ocr_par' dir='ltr' id='par_1_2' title="bbox 145 431 1188 1072">
     <span class='ocr_line' id='line_1_2' title="bbox 163 431 1084 513; baseline 0.007 -23"><span class='ocrx_word' id='word_1_6' title='bbox 163 444 267 490; x_wconf 73' lang='lat' dir='ltr'>sexrm</span> <span class='ocrx_word' id='word_1_7' title='bbox 282 448 343 490; x_wconf 90' lang='lat' dir='ltr'>non</span> <span class='ocrx_word' id='word_1_8' title='bbox 362 431 551 512; x_wconf 77' lang='lat' dir='ltr'>reliquisset,</span> <span class='ocrx_word' id='word_1_9' title='bbox 572 439 640 494; x_wconf 86' lang='lat' dir='ltr'>tum</span> <span class='ocrx_word' id='word_1_10' title='bbox 655 434 845 512; x_wconf 75' lang='lat' dir='ltr'>deligebatur</span> <span class='ocrx_word' id='word_1_11' title='bbox 858 434 909 513; x_wconf 91' lang='lat' dir='ltr'>qni</span> <span class='ocrx_word' id='word_1_12' title='bbox 929 435 1084 513; x_wconf 83' lang='lat' dir='ltr'>proximus</span> 
     </span>
     <span class='ocr_line' id='line_1_3' title="bbox 161 523 1111 606; baseline 0.003 -26"><span class='ocrx_word' id='word_1_13' title='bbox 161 528 235 581; x_wconf 90' lang='lat' dir='ltr'>esset</span> <span class='ocrx_word' id='word_1_14' title='bbox 248 523 636 602; x_wconf 59' lang='lat' dir='ltr'>propinquitatehlortnus</span> <span class='ocrx_word' id='word_1_15' title='bbox 647 532 711 586; x_wconf 88' lang='lat' dir='ltr'>erat</span> <span class='ocrx_word' id='word_1_16' title='bbox 726 527 797 605; x_wconf 79' lang='lat' dir='ltr'>Agis</span> <span class='ocrx_word' id='word_1_17' title='bbox 810 544 875 597; x_wconf 88' lang='lat' dir='ltr'>rex,</span> <span class='ocrx_word' id='word_1_18' title='bbox 897 527 990 590; x_wconf 86' lang='lat' dir='ltr'>irater</span> <span class='ocrx_word' id='word_1_19' title='bbox 1008 532 1111 606; x_wconf 79' lang='lat' dir='ltr'>Ago-t</span> 
     </span>
     <span class='ocr_line' id='line_1_4' title="bbox 162 614 1153 698; baseline -0.002 -21"><span class='ocrx_word' id='word_1_20' title='bbox 162 614 235 677; x_wconf 77' lang='lat' dir='ltr'>silai.</span> <span class='ocrx_word' id='word_1_21' title='bbox 254 616 368 676; x_wconf 87' lang='lat' dir='ltr'>Filium</span> <span class='ocrx_word' id='word_1_22' title='bbox 382 617 548 696; x_wconf 88' lang='lat' dir='ltr'>reliquerat</span> <span class='ocrx_word' id='word_1_23' title='bbox 562 620 790 698; x_wconf 73' lang='lat' dir='ltr'>Leotychidem,</span> <span class='ocrx_word' id='word_1_24' title='bbox 807 638 897 697; x_wconf 86' lang='lat' dir='ltr'>quern</span> <span class='ocrx_word' id='word_1_25' title='bbox 912 619 962 679; x_wconf 88' lang='lat' dir='ltr'>ille</span> <span class='ocrx_word' id='word_1_26' title='bbox 977 615 1153 681; x_wconf 73' lang='lat' dir='ltr'>naumann</span> 
     </span>
     <span class='ocr_line' id='line_1_5' title="bbox 145 711 1188 786; baseline 0.011 -22"><span class='ocrx_word' id='word_1_27' title='bbox 145 719 219 766; x_wconf 67' lang='lat' dir='ltr'>*non</span> <span class='ocrx_word' id='word_1_28' title='bbox 230 713 375 786; x_wconf 81' lang='lat' dir='ltr'>agnorat;</span> <span class='ocrx_word' id='word_1_29' title='bbox 388 711 521 771; x_wconf 92' lang='lat' dir='ltr'>eundem</span> <span class='ocrx_word' id='word_1_30' title='bbox 530 711 663 771; x_wconf 89' lang='lat' dir='ltr'>moriens</span> <span class='ocrx_word' id='word_1_31' title='bbox 677 730 770 771; x_wconf 91' lang='lat' dir='ltr'>suum</span> <span class='ocrx_word' id='word_1_32' title='bbox 785 730 849 771; x_wconf 89' lang='lat' dir='ltr'>esse</span> <span class='ocrx_word' id='word_1_33' title='bbox 862 712 989 772; x_wconf 83' lang='lat' dir='ltr'>dixerat.</span> <span class='ocrx_word' id='word_1_34' title='bbox 1003 714 1032 774; x_wconf 95' lang='lat' dir='ltr'>Is</span> <span class='ocrx_word' id='word_1_35' title='bbox 1045 714 1083 774; x_wconf 88' lang='lat' dir='ltr'>de</span> <span class='ocrx_word' id='word_1_36' title='bbox 1184 716 1188 721; x_wconf 86' lang='lat'>&#39;</span> 
     </span>
     <span class='ocr_line' id='line_1_6' title="bbox 161 796 1080 883; baseline 0.008 -24"><span class='ocrx_word' id='word_1_37' title='bbox 161 796 272 860; x_wconf 88' lang='lat' dir='ltr'>honore</span> <span class='ocrx_word' id='word_1_38' title='bbox 298 801 384 880; x_wconf 83' lang='lat' dir='ltr'>regui</span> <span class='ocrx_word' id='word_1_39' title='bbox 405 821 474 862; x_wconf 89' lang='lat' dir='ltr'>cum</span> <span class='ocrx_word' id='word_1_40' title='bbox 497 803 653 883; x_wconf 79' lang='lat' dir='ltr'>Agesilao,</span> <span class='ocrx_word' id='word_1_41' title='bbox 678 809 786 882; x_wconf 86' lang='lat' dir='ltr'>patruo</span> <span class='ocrx_word' id='word_1_42' title='bbox 811 824 878 878; x_wconf 91' lang='lat' dir='ltr'>suo,</span> <span class='ocrx_word' id='word_1_43' title='bbox 907 806 1080 876; x_wconf 84' lang='lat' dir='ltr'>contendit,</span> 
     </span>
     <span class='ocr_line' id='line_1_7' title="bbox 159 895 1176 985; baseline 0.001 -31"><span class='ocrx_word' id='word_1_44' title='bbox 159 913 256 972; x_wconf 92' lang='lat' dir='ltr'>neque</span> <span class='ocrx_word' id='word_1_45' title='bbox 272 895 302 954; x_wconf 94' lang='lat' dir='ltr'>id</span> <span class='ocrx_word' id='word_1_46' title='bbox 323 896 405 974; x_wconf 92' lang='lat' dir='ltr'>quod</span> <span class='ocrx_word' id='word_1_47' title='bbox 425 896 532 975; x_wconf 86' lang='lat' dir='ltr'>petivit</span> <span class='ocrx_word' id='word_1_48' title='bbox 550 902 730 958; x_wconf 87' lang='lat' dir='ltr'>consecutus</span> <span class='ocrx_word' id='word_1_49' title='bbox 745 903 790 958; x_wconf 88' lang='lat' dir='ltr'>est</span> <span class='ocrx_word' id='word_1_50' title='bbox 807 916 814 957; x_wconf 92' lang='lat'><strong>:</strong></span> <span class='ocrx_word' id='word_1_51' title='bbox 832 917 905 958; x_wconf 91' lang='lat' dir='ltr'>nam</span> <span class='ocrx_word' id='word_1_52' title='bbox 925 901 1108 978; x_wconf 76' lang='lat' dir='ltr'>Lysandroa</span> <span class='ocrx_word' id='word_1_53' title='bbox 1173 978 1176 985; x_wconf 30' lang='grc' dir='ltr'>Ι</span> 
     </span>
     <span class='ocr_line' id='line_1_8' title="bbox 158 990 1081 1072; baseline 0.011 -25"><span class='ocrx_word' id='word_1_54' title='bbox 158 990 353 1068; x_wconf 84' lang='lat' dir='ltr'>suffragante,</span> <span class='ocrx_word' id='word_1_55' title='bbox 369 992 511 1063; x_wconf 88' lang='lat' dir='ltr'>homine,</span> <span class='ocrx_word' id='word_1_56' title='bbox 528 999 561 1052; x_wconf 90' lang='lat' dir='ltr'>ut</span> <span class='ocrx_word' id='word_1_57' title='bbox 578 993 768 1054; x_wconf 86' lang='lat' dir='ltr'>ostendimus</span> <span class='ocrx_word' id='word_1_58' title='bbox 784 1013 894 1072; x_wconf 87' lang='lat' dir='ltr'>supra,</span> <span class='ocrx_word' id='word_1_59' title='bbox 913 995 1036 1056; x_wconf 88' lang='lat' dir='ltr'>factioso</span> <span class='ocrx_word' id='word_1_60' title='bbox 1050 1001 1081 1057; x_wconf 89' lang='lat' dir='ltr'>et</span> 
     </span>
    </p>

    <p class='ocr_par' dir='ltr' id='par_1_3' title="bbox 166 1076 949 1164">
     <span class='ocr_line' id='line_1_9' title="bbox 166 1076 949 1164; baseline 0.009 -24"><span class='ocrx_word' id='word_1_61' title='bbox 166 1081 202 1142; x_wconf 92' lang='lat' dir='ltr'>iis</span> <span class='ocrx_word' id='word_1_62' title='bbox 212 1076 401 1161; x_wconf 86' lang='lat' dir='ltr'>temporibus</span> <span class='ocrx_word' id='word_1_63' title='bbox 412 1091 545 1163; x_wconf 91' lang='lat' dir='ltr'>potente,</span> <span class='ocrx_word' id='word_1_64' title='bbox 563 1087 719 1164; x_wconf 77' lang='lat' dir='ltr'>Agesilaus</span> <span class='ocrx_word' id='word_1_65' title='bbox 732 1087 883 1147; x_wconf 77' lang='lat' dir='ltr'>antelatus</span> <span class='ocrx_word' id='word_1_66' title='bbox 894 1092 949 1147; x_wconf 90' lang='lat' dir='ltr'>est.</span> 
     </span>
    </p>

    <p class='ocr_par' dir='ltr' id='par_1_4' title="bbox 139 1175 1148 3409">
     <span class='ocr_line' id='line_1_10' title="bbox 195 1175 1104 1258; baseline 0.009 -25"><span class='ocrx_word' id='word_1_67' title='bbox 195 1177 235 1234; x_wconf 63' lang='lat'>2.</span> <span class='ocrx_word' id='word_1_68' title='bbox 253 1175 310 1235; x_wconf 93' lang='lat' dir='ltr'>Hic</span> <span class='ocrx_word' id='word_1_69' title='bbox 324 1177 507 1256; x_wconf 78' lang='lat' dir='ltr'>simulatque</span> <span class='ocrx_word' id='word_1_70' title='bbox 522 1178 640 1257; x_wconf 88' lang='lat' dir='ltr'>imperii</span> <span class='ocrx_word' id='word_1_71' title='bbox 655 1180 769 1257; x_wconf 90' lang='lat' dir='ltr'>potitus</span> <span class='ocrx_word' id='word_1_72' title='bbox 785 1184 845 1252; x_wconf 88' lang='lat' dir='ltr'>est,</span> <span class='ocrx_word' id='word_1_73' title='bbox 864 1180 1012 1258; x_wconf 84' lang='lat' dir='ltr'>persuasit</span> <span class='ocrx_word' id='word_1_74' title='bbox 1024 1183 1077 1240; x_wconf 84' lang='lat' dir='ltr'>La-</span> <span class='ocrx_word' id='word_1_75' title='bbox 1093 1181 1104 1226; x_wconf 87' lang='lat'><strong>¹</strong></span> 
     </span>
     <span class='ocr_line' id='line_1_11' title="bbox 155 1267 1148 1337; baseline 0.008 -7"><span class='ocrx_word' id='word_1_76' title='bbox 155 1272 357 1333; x_wconf 89' lang='lat' dir='ltr'>cedaemoniis</span> <span class='ocrx_word' id='word_1_77' title='bbox 375 1279 409 1334; x_wconf 86' lang='lat' dir='ltr'>ut</span> <span class='ocrx_word' id='word_1_78' title='bbox 423 1276 572 1336; x_wconf 84' lang='lat' dir='ltr'>exercitus</span> <span class='ocrx_word' id='word_1_79' title='bbox 590 1276 764 1336; x_wconf 84' lang='lat' dir='ltr'>emitterent</span> <span class='ocrx_word' id='word_1_80' title='bbox 783 1275 816 1335; x_wconf 91' lang='lat' dir='ltr'>in</span> <span class='ocrx_word' id='word_1_81' title='bbox 830 1277 931 1336; x_wconf 83' lang='lat' dir='ltr'>Asiam</span> <span class='ocrx_word' id='word_1_82' title='bbox 945 1277 1077 1337; x_wconf 92' lang='lat' dir='ltr'>bellum-</span> <span class='ocrx_word' id='word_1_83' title='bbox 1091 1267 1148 1325; x_wconf 78' lang='grc'>397</span> 
     </span>
     <span class='ocr_line' id='line_1_12' title="bbox 148 1362 1120 1447; baseline 0.007 -24"><span class='ocrx_word' id='word_1_84' title='bbox 148 1362 212 1441; x_wconf 83' lang='lat' dir='ltr'>¹que</span> <span class='ocrx_word' id='word_1_85' title='bbox 230 1366 294 1445; x_wconf 81' lang='lat' dir='ltr'>regi</span> <span class='ocrx_word' id='word_1_86' title='bbox 309 1368 458 1439; x_wconf 88' lang='lat' dir='ltr'>facerent,</span> <span class='ocrx_word' id='word_1_87' title='bbox 479 1368 590 1441; x_wconf 81' lang='lat' dir='ltr'>docens</span> <span class='ocrx_word' id='word_1_88' title='bbox 608 1368 702 1429; x_wconf 88' lang='lat' dir='ltr'>satius</span> <span class='ocrx_word' id='word_1_89' title='bbox 723 1387 787 1429; x_wconf 90' lang='lat' dir='ltr'>esse</span> <span class='ocrx_word' id='word_1_90' title='bbox 805 1369 835 1428; x_wconf 93' lang='lat' dir='ltr'>in</span> <span class='ocrx_word' id='word_1_91' title='bbox 855 1369 925 1429; x_wconf 91' lang='lat' dir='ltr'>Asia</span> <span class='ocrx_word' id='word_1_92' title='bbox 938 1388 1031 1447; x_wconf 89' lang='lat' dir='ltr'>quam</span> <span class='ocrx_word' id='word_1_93' title='bbox 1045 1369 1077 1431; x_wconf 92' lang='lat' dir='ltr'>in</span> <span class='ocrx_word' id='word_1_94' title='bbox 1113 1419 1120 1430; x_wconf 92' lang='lat'><strong>.</strong></span> 
     </span>
     <span class='ocr_line' id='line_1_13' title="bbox 154 1459 1077 1540; baseline 0.007 -22"><span class='ocrx_word' id='word_1_95' title='bbox 154 1459 274 1538; x_wconf 86' lang='lat' dir='ltr'>Europa</span> <span class='ocrx_word' id='word_1_96' title='bbox 299 1461 435 1520; x_wconf 84' lang='lat' dir='ltr'>dimicari</span> <span class='ocrx_word' id='word_1_97' title='bbox 460 1480 467 1521; x_wconf 91' lang='lat'>:</span> <span class='ocrx_word' id='word_1_98' title='bbox 493 1481 625 1540; x_wconf 87' lang='lat' dir='ltr'>namque</span> <span class='ocrx_word' id='word_1_99' title='bbox 649 1464 729 1522; x_wconf 90' lang='lat' dir='ltr'>fama</span> <span class='ocrx_word' id='word_1_100' title='bbox 758 1463 871 1524; x_wconf 85' lang='lat' dir='ltr'>exierat</span> <span class='ocrx_word' id='word_1_101' title='bbox 893 1467 1077 1524; x_wconf 80' lang='lat' dir='ltr'>Artaxerxen</span> 
     </span>
     <span class='ocr_line' id='line_1_14' title="bbox 153 1555 1076 1635; baseline 0.007 -23"><span class='ocrx_word' id='word_1_102' title='bbox 153 1570 326 1631; x_wconf 87' lang='lat' dir='ltr'>comparare</span> <span class='ocrx_word' id='word_1_103' title='bbox 341 1555 448 1614; x_wconf 86' lang='lat' dir='ltr'>classes</span> <span class='ocrx_word' id='word_1_104' title='bbox 459 1555 673 1633; x_wconf 88' lang='lat' dir='ltr'>pedestresque</span> <span class='ocrx_word' id='word_1_105' title='bbox 688 1557 922 1635; x_wconf 84' lang='lat' dir='ltr'>exercitusquos</span> <span class='ocrx_word' id='word_1_106' title='bbox 937 1557 969 1616; x_wconf 92' lang='lat' dir='ltr'>in</span> <span class='ocrx_word' id='word_1_107' title='bbox 983 1559 1076 1618; x_wconf 87' lang='lat' dir='ltr'>Grae·</span> 
     </span>
     <span class='ocr_line' id='line_1_15' title="bbox 152 1646 1104 1731; baseline 0.007 -26"><span class='ocrx_word' id='word_1_108' title='bbox 152 1646 229 1705; x_wconf 91' lang='lat' dir='ltr'>ciam</span> <span class='ocrx_word' id='word_1_109' title='bbox 241 1647 386 1707; x_wconf 87' lang='lat' dir='ltr'>mitteret.</span> <span class='ocrx_word' id='word_1_110' title='bbox 402 1649 477 1707; x_wconf 87' lang='lat' dir='ltr'>Data</span> <span class='ocrx_word' id='word_1_111' title='bbox 491 1652 743 1726; x_wconf 84' lang='lat' dir='ltr'>potestate.tanta</span> <span class='ocrx_word' id='word_1_112' title='bbox 757 1650 909 1731; x_wconf 85' lang='lat' dir='ltr'>celeritate</span> <span class='ocrx_word' id='word_1_113' title='bbox 924 1669 998 1709; x_wconf 90' lang='lat' dir='ltr'>usus</span> <span class='ocrx_word' id='word_1_114' title='bbox 1012 1657 1072 1725; x_wconf 91' lang='lat' dir='ltr'>cst,</span> <span class='ocrx_word' id='word_1_115' title='bbox 1089 1655 1104 1700; x_wconf 73' lang='lat'><strong>2</strong></span> 
     </span>
     <span class='ocr_line' id='line_1_16' title="bbox 151 1740 1075 1824; baseline 0.008 -27"><span class='ocrx_word' id='word_1_116' title='bbox 151 1745 185 1798; x_wconf 91' lang='lat' dir='ltr'>ut</span> <span class='ocrx_word' id='word_1_117' title='bbox 203 1740 291 1818; x_wconf 91' lang='lat' dir='ltr'>prius</span> <span class='ocrx_word' id='word_1_118' title='bbox 316 1740 347 1799; x_wconf 92' lang='lat' dir='ltr'>in</span> <span class='ocrx_word' id='word_1_119' title='bbox 371 1741 473 1801; x_wconf 88' lang='lat' dir='ltr'>Asiam</span> <span class='ocrx_word' id='word_1_120' title='bbox 494 1760 564 1800; x_wconf 90' lang='lat' dir='ltr'>cum</span> <span class='ocrx_word' id='word_1_121' title='bbox 587 1741 679 1820; x_wconf 91' lang='lat' dir='ltr'>copiis</span> <span class='ocrx_word' id='word_1_122' title='bbox 693 1742 866 1819; x_wconf 88' lang='lat' dir='ltr'>pervenerit</span> <span class='ocrx_word' id='word_1_123' title='bbox 889 1761 981 1820; x_wconf 88' lang='lat' dir='ltr'>quam</span> <span class='ocrx_word' id='word_1_124' title='bbox 1000 1745 1075 1824; x_wconf 84' lang='lat' dir='ltr'>regii</span> 
     </span>
     <span class='ocr_line' id='line_1_17' title="bbox 150 1835 1074 1914; baseline 0.004 -20"><span class='ocrx_word' id='word_1_125' title='bbox 150 1841 286 1914; x_wconf 75' lang='lat' dir='ltr'>satrapae</span> <span class='ocrx_word' id='word_1_126' title='bbox 311 1855 381 1896; x_wconf 90' lang='lat' dir='ltr'>eum</span> <span class='ocrx_word' id='word_1_127' title='bbox 411 1835 522 1895; x_wconf 84' lang='lat' dir='ltr'>scirent</span> <span class='ocrx_word' id='word_1_128' title='bbox 544 1837 714 1914; x_wconf 87' lang='lat' dir='ltr'>protectum</span> <span class='ocrx_word' id='word_1_129' title='bbox 733 1853 815 1913; x_wconf 91' lang='lat' dir='ltr'>:quo</span> <span class='ocrx_word' id='word_1_130' title='bbox 840 1837 1016 1899; x_wconf 84' lang='lat' dir='ltr'>factumest</span> <span class='ocrx_word' id='word_1_131' title='bbox 1039 1843 1074 1898; x_wconf 87' lang='lat' dir='ltr'>nt</span> 
     </span>
     <span class='ocr_line' id='line_1_18' title="bbox 149 1929 1100 2008; baseline -0.002 -20"><span class='ocrx_word' id='word_1_132' title='bbox 149 1947 255 1989; x_wconf 90' lang='lat' dir='ltr'>omncs</span> <span class='ocrx_word' id='word_1_133' title='bbox 277 1930 439 2007; x_wconf 88' lang='lat' dir='ltr'>imparatos</span> <span class='ocrx_word' id='word_1_134' title='bbox 464 1929 733 2008; x_wconf 88' lang='lat' dir='ltr'>imprudentesque</span> <span class='ocrx_word' id='word_1_135' title='bbox 759 1929 936 1990; x_wconf 85' lang='lat' dir='ltr'>offenderet.</span> <span class='ocrx_word' id='word_1_136' title='bbox 969 1930 1004 1991; x_wconf 92' lang='lat' dir='ltr'>Id</span> <span class='ocrx_word' id='word_1_137' title='bbox 1037 1937 1100 1992; x_wconf 70' lang='lat' dir='ltr'>uta</span> 
     </span>
     <span class='ocr_line' id='line_1_19' title="bbox 149 2023 1070 2102; baseline 0.002 -19"><span class='ocrx_word' id='word_1_138' title='bbox 149 2025 288 2102; x_wconf 72' lang='lat' dir='ltr'>coguovit</span> <span class='ocrx_word' id='word_1_139' title='bbox 315 2025 544 2102; x_wconf 78' lang='lat' dir='ltr'>&#39;l&#39;issapberneS,</span> <span class='ocrx_word' id='word_1_140' title='bbox 567 2023 619 2102; x_wconf 91' lang='lat' dir='ltr'>qui</span> <span class='ocrx_word' id='word_1_141' title='bbox 644 2043 799 2084; x_wconf 91' lang='lat' dir='ltr'>summum</span> <span class='ocrx_word' id='word_1_142' title='bbox 828 2023 1070 2102; x_wconf 89' lang='lat' dir='ltr'>imperiumtum</span> 
     </span>
     <span class='ocr_line' id='line_1_20' title="bbox 149 2116 1070 2196; baseline 0.004 -21"><span class='ocrx_word' id='word_1_143' title='bbox 149 2118 228 2176; x_wconf 92' lang='lat' dir='ltr'>inter</span> <span class='ocrx_word' id='word_1_144' title='bbox 241 2120 406 2196; x_wconf 85' lang='lat' dir='ltr'>praefectos</span> <span class='ocrx_word' id='word_1_145' title='bbox 427 2117 556 2177; x_wconf 89' lang='lat' dir='ltr'>habebat</span> <span class='ocrx_word' id='word_1_146' title='bbox 575 2117 683 2194; x_wconf 73' lang='lat' dir='ltr'>regios</span> <span class='ocrx_word' id='word_1_147' title='bbox 708 2116 841 2176; x_wconf 88' lang='lat' dir='ltr'>indutias</span> <span class='ocrx_word' id='word_1_148' title='bbox 855 2136 872 2175; x_wconf 91' lang='lat' dir='ltr'>a</span> <span class='ocrx_word' id='word_1_149' title='bbox 886 2118 1003 2177; x_wconf 84' lang='lat' dir='ltr'>Lacone</span> <span class='ocrx_word' id='word_1_150' title='bbox 1017 2138 1070 2196; x_wconf 88' lang='lat' dir='ltr'>pe-</span> 
     </span>
     <span class='ocr_line' id='line_1_21' title="bbox 147 2209 1070 2287; baseline 0.002 -18"><span class='ocrx_word' id='word_1_151' title='bbox 147 2211 227 2282; x_wconf 80' lang='lat' dir='ltr'>tivit,</span> <span class='ocrx_word' id='word_1_152' title='bbox 247 2211 393 2270; x_wconf 88' lang='lat' dir='ltr'>simulans</span> <span class='ocrx_word' id='word_1_153' title='bbox 408 2228 439 2269; x_wconf 92' lang='lat' dir='ltr'>se</span> <span class='ocrx_word' id='word_1_154' title='bbox 454 2209 525 2268; x_wconf 86' lang='lat' dir='ltr'>dare</span> <span class='ocrx_word' id='word_1_155' title='bbox 540 2227 662 2287; x_wconf 87' lang='lat' dir='ltr'>operam</span> <span class='ocrx_word' id='word_1_156' title='bbox 686 2213 720 2267; x_wconf 89' lang='lat' dir='ltr'>ut</span> <span class='ocrx_word' id='word_1_157' title='bbox 735 2209 979 2269; x_wconf 88' lang='lat' dir='ltr'>Lacedaemoniis</span> <span class='ocrx_word' id='word_1_158' title='bbox 999 2229 1070 2271; x_wconf 87' lang='lat' dir='ltr'>cum</span> 
     </span>
     <span class='ocr_line' id='line_1_22' title="bbox 146 2301 1067 2382; baseline 0.001 -20"><span class='ocrx_word' id='word_1_159' title='bbox 146 2323 216 2382; x_wconf 79' lang='lat' dir='ltr'>rege</span> <span class='ocrx_word' id='word_1_160' title='bbox 230 2304 416 2373; x_wconf 84' lang='lat' dir='ltr'>conveniret,</span> <span class='ocrx_word' id='word_1_161' title='bbox 433 2307 577 2361; x_wconf 88' lang='lat' dir='ltr'>reautem</span> <span class='ocrx_word' id='word_1_162' title='bbox 591 2321 660 2361; x_wconf 89' lang='lat' dir='ltr'>vera</span> <span class='ocrx_word' id='word_1_163' title='bbox 671 2301 708 2360; x_wconf 91' lang='lat' dir='ltr'>ad</span> <span class='ocrx_word' id='word_1_164' title='bbox 720 2301 820 2380; x_wconf 89' lang='lat' dir='ltr'>copias</span> <span class='ocrx_word' id='word_1_165' title='bbox 833 2301 1067 2380; x_wconf 88' lang='lat' dir='ltr'>comparandas,</span> 
     </span>
     <span class='ocr_line' id='line_1_23' title="bbox 146 2394 1096 2475; baseline 0.004 -19"><span class='ocrx_word' id='word_1_166' title='bbox 146 2416 256 2474; x_wconf 85' lang='lat' dir='ltr'>easque</span> <span class='ocrx_word' id='word_1_167' title='bbox 271 2396 441 2475; x_wconf 86' lang='lat' dir='ltr'>impetravit</span> <span class='ocrx_word' id='word_1_168' title='bbox 458 2394 636 2454; x_wconf 87' lang='lat' dir='ltr'>trimestres.</span> <span class='ocrx_word' id='word_1_169' title='bbox 650 2394 769 2454; x_wconf 86' lang='lat' dir='ltr'>Juravit</span> <span class='ocrx_word' id='word_1_170' title='bbox 779 2401 882 2453; x_wconf 69' lang='lat' dir='ltr'>alutem</span> <span class='ocrx_word' id='word_1_171' title='bbox 895 2401 1021 2472; x_wconf 90' lang='lat' dir='ltr'>uterque</span> <span class='ocrx_word' id='word_1_172' title='bbox 1036 2416 1096 2460; x_wconf 76' lang='lat' dir='ltr'>set</span> 
     </span>
     <span class='ocr_line' id='line_1_24' title="bbox 146 2489 1068 2566; baseline 0.001 -16"><span class='ocrx_word' id='word_1_173' title='bbox 146 2491 209 2550; x_wconf 89' lang='lat' dir='ltr'>sine</span> <span class='ocrx_word' id='word_1_174' title='bbox 237 2492 306 2550; x_wconf 93' lang='lat' dir='ltr'>dolo</span> <span class='ocrx_word' id='word_1_175' title='bbox 331 2489 464 2548; x_wconf 87' lang='lat' dir='ltr'>indutias</span> <span class='ocrx_word' id='word_1_176' title='bbox 495 2494 757 2548; x_wconf 88' lang='lat' dir='ltr'>conservaturum.</span> <span class='ocrx_word' id='word_1_177' title='bbox 786 2489 821 2546; x_wconf 94' lang='lat' dir='ltr'>ln</span> <span class='ocrx_word' id='word_1_178' title='bbox 847 2507 906 2565; x_wconf 91' lang='lat' dir='ltr'>qua</span> <span class='ocrx_word' id='word_1_179' title='bbox 930 2489 1068 2566; x_wconf 83' lang='lat' dir='ltr'>pactione</span> 
     </span>
     <span class='ocr_line' id='line_1_25' title="bbox 145 2580 1068 2660; baseline 0.001 -17"><span class='ocrx_word' id='word_1_180' title='bbox 145 2603 264 2643; x_wconf 85' lang='lat' dir='ltr'>summa</span> <span class='ocrx_word' id='word_1_181' title='bbox 283 2584 342 2642; x_wconf 87' lang='lat' dir='ltr'>fide</span> <span class='ocrx_word' id='word_1_182' title='bbox 359 2582 471 2641; x_wconf 89' lang='lat' dir='ltr'>mansit</span> <span class='ocrx_word' id='word_1_183' title='bbox 492 2581 662 2660; x_wconf 77' lang='lat' dir='ltr'>Agesilaus,</span> <span class='ocrx_word' id='word_1_184' title='bbox 683 2585 786 2640; x_wconf 91' lang='lat' dir='ltr'>contra</span> <span class='ocrx_word' id='word_1_185' title='bbox 800 2599 836 2640; x_wconf 90' lang='lat' dir='ltr'>ea</span> <span class='ocrx_word' id='word_1_186' title='bbox 854 2580 1068 2660; x_wconf 85' lang='lat' dir='ltr'>Tissaphernes</span> 
     </span>
     <span class='ocr_line' id='line_1_26' title="bbox 145 2674 1093 2755; baseline -0.004 -19"><span class='ocrx_word' id='word_1_187' title='bbox 145 2678 220 2737; x_wconf 88' lang='lat' dir='ltr'>nihil</span> <span class='ocrx_word' id='word_1_188' title='bbox 234 2678 317 2736; x_wconf 87' lang='lat' dir='ltr'>aliud</span> <span class='ocrx_word' id='word_1_189' title='bbox 339 2696 429 2755; x_wconf 89' lang='lat' dir='ltr'>qnam</span> <span class='ocrx_word' id='word_1_190' title='bbox 448 2677 563 2736; x_wconf 90' lang='lat' dir='ltr'>bellum</span> <span class='ocrx_word' id='word_1_191' title='bbox 579 2674 773 2753; x_wconf 86' lang='lat' dir='ltr'>cuurparavit.</span> <span class='ocrx_word' id='word_1_192' title='bbox 795 2675 827 2734; x_wconf 93' lang='lat' dir='ltr'>ld</span> <span class='ocrx_word' id='word_1_193' title='bbox 845 2674 900 2734; x_wconf 93' lang='lat' dir='ltr'>etsi</span> <span class='ocrx_word' id='word_1_194' title='bbox 918 2677 1093 2738; x_wconf 76' lang='lat' dir='ltr'>sentiebats</span> 
     </span>
     <span class='ocr_line' id='line_1_27' title="bbox 145 2769 1066 2849; baseline 0.002 -19"><span class='ocrx_word' id='word_1_195' title='bbox 145 2772 231 2842; x_wconf 89' lang='lat' dir='ltr'>Laco,</span> <span class='ocrx_word' id='word_1_196' title='bbox 245 2777 346 2831; x_wconf 87' lang='lat' dir='ltr'>tamen</span> <span class='ocrx_word' id='word_1_197' title='bbox 353 2771 569 2849; x_wconf 86' lang='lat' dir='ltr'>jusjurandum</span> <span class='ocrx_word' id='word_1_198' title='bbox 583 2769 733 2841; x_wconf 90' lang='lat' dir='ltr'>servabat,</span> <span class='ocrx_word' id='word_1_199' title='bbox 742 2770 935 2846; x_wconf 89' lang='lat' dir='ltr'>multumque</span> <span class='ocrx_word' id='word_1_200' title='bbox 944 2770 974 2828; x_wconf 93' lang='lat' dir='ltr'>in</span> <span class='ocrx_word' id='word_1_201' title='bbox 986 2789 1021 2831; x_wconf 93' lang='lat' dir='ltr'>eo</span> <span class='ocrx_word' id='word_1_202' title='bbox 1035 2791 1066 2833; x_wconf 90' lang='lat' dir='ltr'>se</span> 
     </span>
     <span class='ocr_line' id='line_1_28' title="bbox 143 2862 1064 2943; baseline 0.001 -18"><span class='ocrx_word' id='word_1_203' title='bbox 143 2864 284 2943; x_wconf 79' lang='lat' dir='ltr'>consequi</span> <span class='ocrx_word' id='word_1_204' title='bbox 303 2865 437 2933; x_wconf 86' lang='lat' dir='ltr'>dicebat,</span> <span class='ocrx_word' id='word_1_205' title='bbox 461 2864 542 2943; x_wconf 89' lang='lat' dir='ltr'>qnod</span> <span class='ocrx_word' id='word_1_206' title='bbox 570 2863 783 2940; x_wconf 86' lang='lat' dir='ltr'>Tissaphernes</span> <span class='ocrx_word' id='word_1_207' title='bbox 804 2862 938 2940; x_wconf 85' lang='lat' dir='ltr'>perjurio</span> <span class='ocrx_word' id='word_1_208' title='bbox 959 2882 1014 2924; x_wconf 92' lang='lat' dir='ltr'>suo</span> <span class='ocrx_word' id='word_1_209' title='bbox 1035 2872 1064 2926; x_wconf 90' lang='lat' dir='ltr'>et</span> 
     </span>
     <span class='ocr_line' id='line_1_29' title="bbox 144 2954 1064 3025; baseline 0.001 -8"><span class='ocrx_word' id='word_1_210' title='bbox 144 2958 280 3019; x_wconf 91' lang='lat' dir='ltr'>homines</span> <span class='ocrx_word' id='word_1_211' title='bbox 294 2958 357 3018; x_wconf 88' lang='lat' dir='ltr'>suis</span> <span class='ocrx_word' id='word_1_212' title='bbox 371 2959 463 3017; x_wconf 89' lang='lat' dir='ltr'>rebus</span> <span class='ocrx_word' id='word_1_213' title='bbox 478 2957 676 3025; x_wconf 87' lang='lat' dir='ltr'>abalienaret,</span> <span class='ocrx_word' id='word_1_214' title='bbox 692 2959 722 3015; x_wconf 91' lang='lat' dir='ltr'>et</span> <span class='ocrx_word' id='word_1_215' title='bbox 732 2955 803 3016; x_wconf 89' lang='lat' dir='ltr'>deos</span> <span class='ocrx_word' id='word_1_216' title='bbox 818 2954 875 3014; x_wconf 92' lang='lat' dir='ltr'>sibi</span> <span class='ocrx_word' id='word_1_217' title='bbox 893 2954 984 3016; x_wconf 89' lang='lat' dir='ltr'>iratos</span> <span class='ocrx_word' id='word_1_218' title='bbox 994 2958 1064 3018; x_wconf 90' lang='lat' dir='ltr'>red-</span> 
     </span>
     <span class='ocr_line' id='line_1_30' title="bbox 143 3047 1061 3127; baseline -0.001 -15"><span class='ocrx_word' id='word_1_219' title='bbox 143 3053 227 3112; x_wconf 87' lang='lat' dir='ltr'>deret</span> <span class='ocrx_word' id='word_1_220' title='bbox 240 3071 248 3123; x_wconf 78' lang='lat'><em>3</em></span> <span class='ocrx_word' id='word_1_221' title='bbox 263 3071 295 3112; x_wconf 92' lang='lat' dir='ltr'>sc</span> <span class='ocrx_word' id='word_1_222' title='bbox 312 3059 415 3110; x_wconf 89' lang='lat' dir='ltr'>autem</span> <span class='ocrx_word' id='word_1_223' title='bbox 430 3055 604 3109; x_wconf 86' lang='lat' dir='ltr'>conservata</span> <span class='ocrx_word' id='word_1_224' title='bbox 624 3047 768 3127; x_wconf 79' lang='lat' dir='ltr'>religione</span> <span class='ocrx_word' id='word_1_225' title='bbox 783 3047 962 3108; x_wconf 86' lang='lat' dir='ltr'>confirmare</span> <span class='ocrx_word' id='word_1_226' title='bbox 976 3069 1061 3113; x_wconf 84' lang='lat' dir='ltr'>exer-</span> 
     </span>
     <span class='ocr_line' id='line_1_31' title="bbox 140 3142 1139 3218; baseline -0.001 -12"><span class='ocrx_word' id='word_1_227' title='bbox 140 3145 247 3218; x_wconf 89' lang='lat' dir='ltr'>citum,</span> <span class='ocrx_word' id='word_1_228' title='bbox 263 3164 332 3205; x_wconf 89' lang='lat' dir='ltr'>cum</span> <span class='ocrx_word' id='word_1_229' title='bbox 341 3144 591 3202; x_wconf 88' lang='lat' dir='ltr'>animadverteret</span> <span class='ocrx_word' id='word_1_230' title='bbox 605 3142 697 3201; x_wconf 92' lang='lat' dir='ltr'>deum</span> <span class='ocrx_word' id='word_1_231' title='bbox 709 3161 824 3201; x_wconf 87' lang='lat' dir='ltr'>numen</span> <span class='ocrx_word' id='word_1_232' title='bbox 835 3142 932 3202; x_wconf 85' lang='lat' dir='ltr'>iacere</span> <span class='ocrx_word' id='word_1_233' title='bbox 944 3163 1058 3218; x_wconf 87' lang='lat' dir='ltr'>secum,</span> <span class='ocrx_word' id='word_1_234' title='bbox 1136 3212 1139 3217; x_wconf 59' lang='grc'>,</span> 
     </span>
     <span class='ocr_line' id='line_1_32' title="bbox 139 3235 1059 3316; baseline 0.004 -20"><span class='ocrx_word' id='word_1_235' title='bbox 139 3239 339 3316; x_wconf 87' lang='lat' dir='ltr'>hominesque</span> <span class='ocrx_word' id='word_1_236' title='bbox 354 3237 411 3296; x_wconf 93' lang='lat' dir='ltr'>sibi</span> <span class='ocrx_word' id='word_1_237' title='bbox 430 3235 581 3296; x_wconf 85' lang='lat' dir='ltr'>conciliari</span> <span class='ocrx_word' id='word_1_238' title='bbox 606 3235 777 3304; x_wconf 79' lang='lat' dir='ltr'>arniciorcS,</span> <span class='ocrx_word' id='word_1_239' title='bbox 794 3235 873 3312; x_wconf 90' lang='lat' dir='ltr'>quod</span> <span class='ocrx_word' id='word_1_240' title='bbox 889 3235 924 3295; x_wconf 91' lang='lat' dir='ltr'>iis</span> <span class='ocrx_word' id='word_1_241' title='bbox 938 3239 1059 3300; x_wconf 86' lang='lat' dir='ltr'>studere</span> 
     </span>
     <span class='ocr_line' id='line_1_33' title="bbox 139 3328 881 3409; baseline -0.008 -16"><span class='ocrx_word' id='word_1_242' title='bbox 139 3337 334 3394; x_wconf 82' lang='lat' dir='ltr'>consuessent</span> <span class='ocrx_word' id='word_1_243' title='bbox 346 3350 421 3409; x_wconf 88' lang='lat' dir='ltr'>quos</span> <span class='ocrx_word' id='word_1_244' title='bbox 437 3346 612 3389; x_wconf 88' lang='lat' dir='ltr'>conservare</span> <span class='ocrx_word' id='word_1_245' title='bbox 627 3328 719 3388; x_wconf 83' lang='lat' dir='ltr'>fidem</span> <span class='ocrx_word' id='word_1_246' title='bbox 734 3328 881 3388; x_wconf 85' lang='lat' dir='ltr'>viderent.</span> 
     </span>
    </p>

    <p class='ocr_par' dir='ltr' id='par_1_5' title="bbox 135 3421 1082 3691">
     <span class='ocr_line' id='line_1_34' title="bbox 135 3421 1082 3504; baseline 0.003 -22"><span class='ocrx_word' id='word_1_247' title='bbox 135 3476 138 3482; x_wconf 91' lang='lat'>.</span> <span class='ocrx_word' id='word_1_248' title='bbox 179 3429 218 3486; x_wconf 74' lang='lat'>3.</span> <span class='ocrx_word' id='word_1_249' title='bbox 245 3429 410 3504; x_wconf 90' lang='lat' dir='ltr'>Postquam</span> <span class='ocrx_word' id='word_1_250' title='bbox 433 3423 622 3483; x_wconf 89' lang='lat' dir='ltr'>indutiarum</span> <span class='ocrx_word' id='word_1_251' title='bbox 636 3421 788 3500; x_wconf 86' lang='lat' dir='ltr'>praeteriit</span> <span class='ocrx_word' id='word_1_252' title='bbox 804 3423 887 3493; x_wconf 90' lang='lat' dir='ltr'>dics,</span> <span class='ocrx_word' id='word_1_253' title='bbox 910 3423 1082 3489; x_wconf 80' lang='lat' dir='ltr'>barbarust</span> 
     </span>
     <span class='ocr_line' id='line_1_35' title="bbox 137 3516 1055 3596; baseline 0.003 -17"><span class='ocrx_word' id='word_1_254' title='bbox 137 3539 197 3579; x_wconf 92' lang='lat' dir='ltr'>non</span> <span class='ocrx_word' id='word_1_255' title='bbox 209 3520 371 3589; x_wconf 89' lang='lat' dir='ltr'>dubitans,</span> <span class='ocrx_word' id='word_1_256' title='bbox 391 3517 472 3596; x_wconf 87' lang='lat' dir='ltr'>quod</span> <span class='ocrx_word' id='word_1_257' title='bbox 494 3516 588 3594; x_wconf 90' lang='lat' dir='ltr'>ipsius</span> <span class='ocrx_word' id='word_1_258' title='bbox 610 3521 695 3576; x_wconf 90' lang='lat' dir='ltr'>crant</span> <span class='ocrx_word' id='word_1_259' title='bbox 717 3516 848 3594; x_wconf 90' lang='lat' dir='ltr'>plurima</span> <span class='ocrx_word' id='word_1_260' title='bbox 861 3518 1055 3589; x_wconf 87' lang='lat' dir='ltr'>dorniciliain</span> 
     </span>
     <span class='ocr_line' id='line_1_36' title="bbox 137 3609 1055 3691; baseline 0.002 -17"><span class='ocrx_word' id='word_1_261' title='bbox 137 3613 219 3674; x_wconf 85' lang='lat' dir='ltr'>Caria</span> <span class='ocrx_word' id='word_1_262' title='bbox 233 3619 261 3673; x_wconf 90' lang='lat' dir='ltr'>et</span> <span class='ocrx_word' id='word_1_263' title='bbox 282 3631 317 3672; x_wconf 91' lang='lat' dir='ltr'>ca</span> <span class='ocrx_word' id='word_1_264' title='bbox 331 3612 414 3691; x_wconf 84' lang='lat' dir='ltr'>regio</span> <span class='ocrx_word' id='word_1_265' title='bbox 433 3610 472 3670; x_wconf 91' lang='lat' dir='ltr'>iis</span> <span class='ocrx_word' id='word_1_266' title='bbox 487 3609 672 3688; x_wconf 88' lang='lat' dir='ltr'>temporibus</span> <span class='ocrx_word' id='word_1_267' title='bbox 686 3612 783 3671; x_wconf 92' lang='lat' dir='ltr'>mullo</span> <span class='ocrx_word' id='word_1_268' title='bbox 797 3613 961 3690; x_wconf 87' lang='lat' dir='ltr'>putabatur</span> <span class='ocrx_word' id='word_1_269' title='bbox 974 3615 1055 3676; x_wconf 90' lang='lat' dir='ltr'>locu·</span> 
     </span>
    </p>
   </div>
   <div class='ocr_carea' id='block_1_3' title="bbox 0 0 1220 4110">
    <p class='ocr_par' dir='ltr' id='par_1_6' title="bbox 0 0 1220 4110">
     <span class='ocr_line' id='line_1_37' title="bbox 0 0 1220 4110; baseline 0 9"><span class='ocrx_word' id='word_1_270' title='bbox 0 0 1220 4110; x_wconf 95' lang='lat' dir='ltr'> </span> 
     </span>
    </p>
   </div>
  </div>
 </body>
</html>
