2430 4110
390 337 442 387 XX.
462 337 634 390 Timoleon.
655 343 677 392 l.
976 345 1008 395 83

63 435 157 497 cendi
172 456 307 498 causam.
326 438 403 501 Inde
416 442 546 520 judicio,
564 445 713 525 legitimis
729 447 917 527 quibusdam
933 469 1008 511 cou-

63 530 165 614 feeti5‚
185 532 364 608 damnatus,
381 538 514 601 traditus
530 546 578 602 est
592 542 825 616 undecimviris,
839 544 952 622 quibus
967 547 1006 606 ad

64 624 256 705 supplicium
269 647 354 690 more
368 633 604 694 Atheniensium
625 635 749 713 publice
772 637 911 697 damnati
925 638 1005 697 tradi

70 718 180 782 solent.
198 719 341 786 Hierum
363 727 401 786 ad
418 734 551 790 mortem
577 730 756 803 duceretur,
774 730 883 791 obvius
906 731 934 791 ei
950 732 1034 791 luite

48 812 265 904 maphaeus,
282 837 343 896 quo
356 821 551 883 familiariter
566 825 667 885 luerat
681 843 766 884 usus
787 823 817 883 Is
833 842 905 884 cum
919 822 1006 884 lacri-

67 923 156 968 mans
165 909 309 973 dixisset:
325 915 444 996 Oqaam
456 918 580 998 indeptae
591 920 768 998 perpeteris,
778 917 926 979 Phocion!
935 917 1006 978 huie

64 1001 116 1061 ille
129 1002 172 1063 A!
184 1023 243 1067 non
259 1007 428 1089 inopinato,
446 1009 568 1089 inquit:
589 1011 668 1074 dune
683 1013 762 1073 enim
777 1013 898 1073 emitum
910 1011 1006 1091 pleri-

64 1118 119 1179 que
136 1101 221 1162 c.'eri
234 1103 298 1164 ciri
311 1104 481 1169 debuerant
504 1109 642 1170 Athenis
661 1111 698 1170 In
713 1111 771 1170 hoe
798 1115 920 1170 tantum
947 1108 1032 1176 fuiti

63 1191 170 1253 odium
188 1196 409 1274 multitudinis
429 1206 464 1261 ut
477 1221 571 1263 nemo
586 1223 680 1263 ausus
693 1203 733 1263 sit
744 1221 816 1263 eum
828 1202 908 1262 liber
919 1219 1003 1281 sepe·

61 1283 126 1348 lire.
148 1287 258 1367 ltaque
272 1311 289 1351 a
305 1294 402 1354 servis
415 1297 555 1374 sepultus
571 1304 630 1358 est.

386 1527 451 1591 XX.
469 1528 682 1592 rlnotaort.

103 1767 131 1823 t.
150 1765 309 1826 Truonrou
321 1766 510 1828 Cortntnius.
523 1767 595 1828 Sine
611 1765 706 1827 dubio
718 1784 850 1844 maguus
863 1763 1003 1824 omnium
1017 1777 1027 1824 l

56 1857 69 1933 j
75 1857 178 1919 udicio
191 1858 242 1919 hic
257 1860 305 1919 vir
315 1861 442 1923 exstitit.
457 1864 596 1940 Namque
613 1860 686 1921 huie
699 1858 753 1920 uni
766 1857 907 1936 contigit,
920 1858 1002 1935 quod

61 1951 218 2012 nescioan
231 1953 321 2025 nulli,
334 1960 368 2014 ut
382 1959 414 2015 et
420 1955 674 2034 patriam,iuqua
687 1958 754 2015 erat
764 1958 869 2025 natus,
879 1970 1003 2030 oppres·

62 2063 155 2105 sama
168 2045 927 2128 tyranuoliberaretetaSyracr'rsisquihusauxilio
936 2051 1003 2104 erat

62 2138 188 2212 missus,
199 2139 265 2217 jam
280 2140 486 2202 inveteratam
499 2141 682 2202 servitutem
694 2139 879 2218 depelleret,
890 2143 1001 2197 totam-

63 2250 124 2308 que
140 2232 288 2307 Siciliam,
303 2236 416 2296 multos
430 2253 530 2296 annos
545 2234 627 2296 hello
651 2239 794 2294 vexatam
812 2229 1002 2292 ebarharis·

62 2343 123 2402 que
135 2345 378 2405 oppressamsuo
389 2327 562 2390 adventuiu
570 2324 1001 2408 pristinumrestitueret.Sed
1016 2325 1030 2374 '2

14 2456 18 2461 2
61 2417 95 2478 in
112 2417 160 2480 his
173 2420 266 2481 rebus
279 2441 341 2482 non
354 2421 487 2501 simplici
502 2424 625 2483 tortuna
637 2420 832 2482 conflictatus
844 2423 902 2490 est,
920 2417 1000 2489 etia

62 2515 146 2592 quod
170 2515 328 2576 difficilius
343 2524 480 2595 palatur,
499 2517 596 2577 multo
614 2514 785 2595 sapientius
801 2513 875 2573 tulit
892 2529 1002 2572 seeun-

61 2609 135 2669 dam
153 2629 246 2687 quam
272 2612 434 2672 adversam
451 2615 619 2672 l'ortunam.
643 2613 720 2672 Nam
735 2628 805 2670 cum
817 2609 913 2668 frater
934 2608 1030 2687 ejusd

61 2703 284 2783 Timophanes,
295 2706 558 2768 duxaCorinthiis
569 2707 721 2778 delectus,
736 2703 933 2784 tyrannidem
943 2693 1083 2780 p'er36a?

61 2799 394 2862 militesmercenurios
407 2807 599 2881 occupasset,
609 2801 825 2880 particepsque
833 2796 921 2871 regni
933 2813 1002 2873 pos-

60 2900 110 2954 set
122 2911 202 2965 esse,
218 2896 424 2958 tantumaluit
434 2915 452 2956 a
464 2896 609 2958 societate
623 2894 760 2967 sceleris,
775 2898 808 2952 ut
820 2890 1002 2952 antetulerit

60 2987 177 3049 civium
190 3007 318 3050 suorum
333 2991 511 3052 libertatem
521 2990 625 3051 fratris
640 2988 746 3060 saluti,
759 2991 790 3048 et
801 3004 910 3065 parere
926 2985 1001 3065 legi·

58 3082 121 3143 bus
137 3101 232 3160 quam
246 3083 400 3162 imperare
417 3083 534 3163 patriae
549 3085 647 3146 satius
662 3082 797 3145 duxerit.
816 3084 879 3142 Hae
896 3088 1029 3146 mental

59 3194 118 3254 per
133 3175 331 3255 haruspicem
355 3196 616 3256 communemque
631 3177 770 3249 affinem,
785 3176 835 3237 eui
862 3193 948 3235 soror
963 3194 1000 3235 ex

59 3269 180 3330 eisdem
194 3271 376 3347 parentibus
392 3277 464 3332 nata
478 3277 576 3351 nupta
592 3277 669 3346 erat,
686 3273 814 3340 fratrem
831 3278 999 3350 tyrannum

59 3362 318 3423 interficiundum
331 3364 458 3425 curavit.
477 3365 546 3443 Ipse
561 3384 624 3426 non
640 3365 732 3425 modo
746 3384 858 3425 manus
877 3383 939 3424 non
956 3370 1000 3423 at-

59 3457 144 3529 tulit,
159 3457 214 3517 sed
227 3477 265 3518 ne
279 3457 417 3535 aspicere
430 3459 555 3536 quidem
563 3459 734 3519 fraternum
749 3459 933 3537 sanguinem
947 3477 999 3519 vo-

58 3551 129 3614 luit.
146 3550 304 3610 Narndum
314 3552 585 3622 reseonficeretur,
598 3551 703 3629 procul
721 3552 750 3611 in
760 3551 913 3630 praesidio
925 3551 993 3620 fuit,

60 3646 186 3723 nequis
211 3644 337 3706 satelles
351 3652 456 3724 posset
482 3648 754 3707 suoeu1·rero.lloe
783 3645 1021 3724 praeclarum-3
