2430 4110
213 319 248 373 8⁴
508 319 560 371 xit.
580 320 753 371 TlMOLEON.
772 319 797 371 9..
821 322 846 371 5.

215 436 302 479 mum
329 419 395 498 ejus
419 419 534 480 factum
557 438 618 480 non
639 420 703 500 puri
732 420 822 481 modo
842 420 1004 500 probatum
1031 427 1078 484 est
1109 422 1150 485 ab

214 517 374 580 omnibus.
395 518 540 579 Nonnulli
558 517 642 579 enim
662 520 776 579 laesam
791 519 829 578 ab
844 537 879 579 eo
897 519 1041 598 pietatem
1056 527 1150 601 puta·

214 610 299 685 baut,
314 614 345 671 el
356 610 471 671 invidia
485 611 606 671 laudem
621 610 744 673 virtutis
758 610 947 672 obterebant.
964 612 1063 672 Mater
1074 612 1152 674 v'ero

214 708 281 784 post
308 701 338 763 id
363 704 476 763 lactum
499 722 598 781 neque
617 703 744 764 domum
768 702 806 762 ad
827 720 859 763 se
874 702 975 763 filium
998 702 1150 777 admisit,

214 816 313 876 neque
327 797 440 876 aspexit
454 796 530 874 quin
544 815 615 856 eum
636 796 823 857 fratricidam
848 795 1041 877 impiumque
1065 799 1153 859 dete·

186 893 201 941 6
215 896 297 950 stans
311 889 636 968 compellaret.0uibus
650 890 742 950 rebus
757 890 807 950 ille
817 890 892 951 adco
906 895 951 951 est
962 894 1150 966 commotus,

214 989 249 1044 ut
266 999 499 1061 nonnumquam
513 981 592 1043 vitae
606 980 701 1042 linem
722 983 819 1043 facere
836 982 968 1043 voluerit
989 988 1084 1062 atque
1109 1003 1148 1045 ex

212 1077 403 1156 ingratorum
416 1074 577 1136 hominum
592 1080 755 1154 conspectu
770 1080 866 1137 morte
878 1076 1037 1137 decedere.

186 1187 198 1232 1
255 1173 295 1230 2.
324 1168 451 1231 Interim
477 1169 574 1231 bione
596 1169 752 1249 Syracusis
785 1170 943 1231 interiecto
978 1171 1148 1253 Dionysius

142 1266 200 1328 346
211 1283 318 1324 rursus
331 1265 549 1343 Syracusarum
565 1264 679 1343 potitus
693 1269 748 1324 est.
766 1264 859 1343 Cujus
873 1265 1039 1326 adversarii
1053 1286 1147 1346 opem

211 1375 229 1417 a
241 1356 403 1418 Corinthiis
417 1356 587 1435 petierunt,
601 1356 788 1434 ducemque,
805 1376 865 1434 quo
880 1357 911 1417 in
925 1358 1005 1418 bello
1018 1364 1147 1420 uteren-

210 1455 280 1523 tur,
295 1450 498 1529 postularunt.
516 1452 583 1509 Huc
597 1449 752 1511 Timoleon
765 1451 875 1511 missus
889 1450 1061 1513 incredibili
1077 1455 1147 1514 leli-

183 1543 301 1605 coitate
325 1542 506 1622 Dionysium
521 1548 583 1604 tota
604 1543 705 1604 Sicilia
719 1544 846 1624 depulit.
871 1546 947 1606 Cum
968 1546 1146 1610 interlicere

140 1630 199 1690 344
209 1644 318 1719 posset¹
333 1638 442 1709 noluit,
456 1642 584 1716 tutoque
594 1643 629 1697 ut
643 1638 821 1699 Corinthum
836 1640 1009 1718 perveniret
1020 1642 1144 1704 effecit:

209 1733 290 1813 quod
305 1737 505 1810 utrorumque
524 1731 739 1811 Dionysiorum
758 1734 866 1811 opibus
881 1734 1029 1795 Corinthii
1051 1755 1145 1817 saepe

208 1826 304 1906 adjuti
328 1828 460 1897 fuerant,
484 1826 571 1904 cujus
594 1825 791 1904 benignitatis
813 1829 992 1889 memoriam
1018 1831 1146 1893 volebat

209 1924 325 1980 exstare
336 1936 343 1990 3
356 1936 484 1996 eumque
499 1919 684 1996 praeclaram
696 1918 853 1978 victoriam
872 1921 1019 1995 ducebat,
1037 1923 1069 1982 in
1080 1943 1146 2003 qua

208 2012 277 2091 plus
298 2016 378 2072 esset
396 2009 573 2070 clementiae
592 2027 685 2087 quam
709 2011 917 2092 crudelitatis·
934 2019 1090 2093 postremo
1107 2024 1146 2080 ut

208 2124 269 2166 non
282 2105 381 2166 solum
399 2103 526 2164 auribus
545 2103 733 2180 acciperetur
749 2104 908 2165 sedetiam
924 2107 1020 2167 oculis
1034 2127 1145 2171 cerne-

207 2203 293 2258 retur
306 2216 399 2276 quem
413 2201 443 2256 et
464 2215 500 2256 ex
514 2202 629 2275 quanto
643 2213 737 2274 regno
751 2198 789 2257 ad
806 2218 899 2277 quam
913 2200 1070 2263 fortunam
1085 2205 1144 2266 dc·

180 2291 338 2353 atulisset.
354 2292 427 2351 Post
446 2289 580 2368 Dionysii
599 2290 756 2349 decessum
781 2310 851 2351 cum
866 2292 972 2354 Hiceta
991 2294 1142 2375 bellavit,

207 2386 259 2464 qui
268 2385 449 2446 adversatus
460 2387 524 2442 erat
535 2381 679 2460 Dionysio
692 2400 699 2453 3
712 2401 805 2460 quem
816 2403 877 2444 non
888 2386 1144 2466 odiotyranuidis

207 2478 401 2549 dissensisse,
428 2477 482 2538 sed
502 2476 667 2556 cupiditate
685 2477 796 2538 iudicio
817 2479 875 2539 fuit
897 2481 979 2558 quod
1000 2481 1066 2560 ipse
1085 2505 1142 2547 ex.

178 2593 194 2636 a
209 2573 295 2652 pulso
306 2570 448 2649 Dionysio
459 2568 622 2648 imperium
632 2569 784 2629 dimittere
796 2571 905 2630 noluit.
919 2575 982 2632 Hoc
993 2587 1143 2654 snperato

137 2673 192 2731 341
206 2662 364 2724 Timoleon
377 2661 524 2720 maximas
544 2661 644 2738 copias
658 2663 953 2741 Carthaginiensium
968 2667 1052 2744 apud
1071 2671 1142 2730 Cri-

196 2758 323 2817 nrissum
338 2756 454 2816 ssumen
471 2753 589 2833 fugavit
607 2773 642 2814 ac
655 2756 726 2816 satis
741 2757 852 2818 habcrc
866 2759 974 2838 coegit,
991 2760 1015 2819 si
1030 2763 1142 2829 liceret

206 2851 337 2912 Africam
353 2848 508 2920 obtinere,
524 2847 576 2927 qui
588 2848 652 2927 jam
672 2850 842 2928 complures
860 2869 955 2911 annos
969 2858 1140 2930 possessio-

206 2963 276 3004 nem
288 2943 405 3006 Siciliae
417 2942 573 3002 tenebant.
586 2941 771 3019 Cepit'etiam
782 2944 980 3017 Mamercum,
991 2947 1139 3012 Italicum

207 3040 327 3108 ducem,
340 3034 495 3095 hominem
509 3034 687 3094 bellicosum
698 3040 728 3095 et
742 3041 908 3113 potentem,
921 3038 974 3116 qui
986 3044 1139 3120 tyrannos

137 3139 195 3200 339
206 3132 347 3210 adjutum
360 3128 392 3187 in
406 3127 539 3189 Siciliam
552 3132 688 3188 veneral.

180 3255 193 3300 1
249 3227 289 3285 3.
297 3224 414 3296 Quibus
424 3224 515 3285 rebus
526 3224 669 3284 coniectis
681 3243 751 3284 cum
763 3230 884 3303 propter
895 3225 1134 3297 diuturnitatem

206 3317 276 3378 belli
295 3335 358 3378 non
373 3316 471 3376 solum
486 3316 634 3396 regiones,
649 3317 702 3377 sed
720 3317 810 3377 ctiam
832 3317 923 3377 urbes
939 3319 1075 3382 desertas
1089 3326 1137 3384 vi-

207 3416 310 3488 deret,
330 3412 512 3492 conquisivit
526 3432 602 3491 quos
619 3413 736 3491 potuit,
755 3415 888 3492 primum
905 3415 1021 3477 Sicrilos
1035 3435 1044 3489 ;
1059 3419 1133 3481 dein

207 3508 349 3570 Corintho
360 3506 656 3578 arcessivitcolonos‚
670 3508 751 3583 quod
760 3509 798 3567 ab
821 3506 951 3567 iisinitio
962 3509 1132 3587 Syracusae

178 3606 293 3672 terant
317 3599 466 3664 conditae·
483 3597 606 3660 Civibus
627 3599 781 3660 veteribus
800 3618 855 3661 sua
869 3599 1018 3678 restituit,
1042 3605 1131 3670 novis
