2430 4110
172 362 205 416 η
528 360 559 438 κ..
580 358 663 411 oron.
681 359 708 410 o.
730 359 767 411 ro.

172 466 242 527 fieri
263 466 321 528 sibi
337 467 477 538 insidias,
496 465 550 539 scd
572 464 625 523 illa
647 481 725 541 quae
749 467 916 542 agerentur
937 463 1005 525 fieri
1021 481 1111 544 prae·

139 558 156 608 ὅ
173 566 263 642 cepto
279 580 346 622 suo.
363 561 506 621 Mulieres
522 558 619 618 nihilo
634 557 733 618 serius
747 558 939 619 Callicratem
954 559 986 619 in
1000 560 1110 620 aedem

172 658 373 732 Proserp'nae
395 653 556 712 deducunt
580 669 615 710 ac
633 649 740 727 jurare
762 656 877 728 cogunt
896 652 974 711 nihil
996 653 1035 713 ab
1057 652 1111 712 illo

173 749 301 830 periculi
316 749 379 809 lore
400 745 501 807 Dioni.
525 745 583 804 Illo
605 745 664 803 hae
684 743 835 820 religione
857 763 919 805 non
934 747 1025 806 modo
1048 765 1110 806 non

173 845 351 915 deterrime,
367 841 423 902 sed
439 841 479 900 ad
491 839 710 899 rnaturandum
733 839 902 900 concitatus
924 845 981 912 est,
999 858 1110 901 verens

173 959 212 1000 ne
228 939 313 1018 prius
327 935 490 998 consilium
506 933 678 1013 aperiretur
700 951 791 993 sumn
814 936 906 1012 quam
918 940 1027 996 conata
1042 955 1111 1015 per-

172 1033 304 1093 iecisset.

142 1132 154 1180 l
215 1133 250 1186 9.
263 1127 328 1184 Hae
342 1126 447 1183 mente
462 1121 601 1202 proximo
617 1121 667 1183 die
682 1122 769 1193 festo,
788 1140 856 1181 enm
873 1141 891 1182 a
906 1131 1061 1185 conventu
1077 1144 1109 1186 se

171 1223 328 1280 remotum
341 1216 417 1276 Dion
430 1215 513 1276 dorni
529 1219 651 1276 teneret
665 1220 758 1293 atque
770 1215 802 1274 in
817 1217 954 1276 eonclavi
967 1218 1049 1279 edito
1064 1238 1110 1280 ro·

172 1310 341 1381 cubuisset,
359 1308 490 1369 consciis
502 1307 645 1368 facinoris
661 1308 726 1368 loca
743 1308 909 1369 munitiora
921 1311 1024 1389 oppidi
1047 1317 1111 1372 tra-

172 1403 229 1474 dit,
246 1403 374 1462 domum
389 1399 537 1460 custodiis
553 1402 663 1478 saepit,
687 1419 704 1460 a
722 1400 838 1461 loribus
861 1402 913 1479 qui
936 1421 997 1462 non
1012 1404 1109 1467 disce-

139 1505 154 1554 2
172 1496 249 1555 dent
264 1498 364 1555 certos
377 1491 536 1571 praeficit;
561 1511 673 1552 navem
698 1493 855 1553 triremem
878 1496 1005 1557 armatis
1021 1504 1109 1558 ornat

172 1588 434 1663 Philostratoque,
447 1584 534 1644 l'ratri
550 1603 618 1656 sno,
635 1585 741 1658 tradit,
756 1603 884 1663 eamque
900 1587 932 1647 in
945 1596 1035 1666 portu
1047 1593 1109 1670 agi·

172 1683 228 1743 tari
240 1682 342 1759 jubet,
366 1685 401 1740 ut
422 1679 448 1740 si
465 1697 605 1740 exercere
623 1679 755 1756 remiges
779 1680 882 1752 vellet,
908 1683 1059 1760 cogitans,
1083 1686 1108 1747 si

107 1829 109 1833 .
171 1774 392 1838 l'orteconsiliis
402 1773 573 1834 obstitisset
585 1774 718 1840 fortuna,
733 1778 767 1833 ut
779 1773 908 1836 haberet
920 1780 1109 1858 quafugeret

137 1878 154 1928 ὅ
171 1869 370 1930 adsalutem.
393 1868 523 1927 Suorum
540 1870 644 1926 autem
661 1885 677 1926 e
694 1884 822 1927 numero
837 1869 1023 1947 Zacynthios
1038 1876 1109 1936 ado·

171 1965 323 2025 lesecntcs
335 1961 588 2041 quosdameligit‚
597 1980 666 2020 cum
679 1961 900 2025 audacissimos
912 1970 978 2025 tum
992 1968 1107 2030 viribus

170 2056 325 2128 maximis
339 2055 449 2133 hisque
460 2055 514 2114 dat
525 2054 684 2133 negotium
694 2055 732 2115 ad
741 2055 868 2117 Dionem
876 2063 948 2118 eant
958 2059 1105 2134 inermes,

172 2151 216 2210 sie
237 2157 273 2210 ut
293 2148 503 2209 conveniundi
525 2148 593 2225 ejus
608 2149 707 2224 gratia
728 2149 911 2212 viderentur
932 2154 1052 2216 venire.
1071 2158 1106 2216 Hi

137 2256 153 2304 4
171 2245 297 2320 propter
311 2239 453 2299 nolitiam
469 2243 542 2298 sunt
556 2237 738 2299 intromissi.
757 2243 795 2300 At
808 2240 865 2314 illi,
883 2247 917 2302 ut
932 2243 1028 2305 limen
1041 2247 1107 2324 ejus

171 2334 337 2404 intrarunt,
354 2331 470 2391 loribus
495 2330 645 2390 obseratis
670 2331 701 2390 in
727 2331 806 2393 lecto
832 2335 998 2396 cubantem
1024 2338 1108 2400 inve-

171 2429 260 2498 dunt‚
278 2425 446 2504 colligent:
470 2424 507 2483 fit
521 2424 679 2503 strepitus,
699 2424 776 2485 adeo
799 2432 833 2486 ut
856 2430 993 2489 exaudiri
1011 2436 1108 2511 possit

138 2546 154 2594 5
172 2522 256 2581 loris.
274 2520 340 2592 llic,
355 2519 435 2580 sieut
447 2523 517 2580 ante
531 2537 622 2597 saepe
638 2519 755 2579 dictum
772 2526 828 2589 est,
847 2540 939 2598 quarn
955 2524 1054 2588 invisa
1070 2530 1109 2589 sit

173 2612 338 2691 singularis
350 2612 488 2690 potentia
503 2617 534 2672 et
548 2612 851 2691 miserendavitaqui
863 2618 1001 2677 semctui
1014 2639 1107 2697 quam

138 2728 155 2778 6
172 2708 269 2768 amari
283 2707 414 2780 malunt,
429 2707 526 2767 cnivis
543 2707 629 2767 facile
645 2708 806 2768 intellectu
822 2709 891 2770 fuit.
909 2713 1048 2790 Namque
1064 2716 1108 2776 illi

170 2802 230 2880 ipsi
246 2800 399 2872 custodes,
424 2800 450 2861 si
472 2806 615 2879 prompta
636 2802 769 2862 luissent
792 2804 964 2877 voluntate,
990 2807 1108 2871 foribus

169 2895 302 2957 effractis
318 2912 441 2955 servare
457 2912 528 2954 eum
544 2895 730 2974 potuissent,
745 2898 828 2976 quod
845 2897 890 2958 illi
903 2899 1052 2975 inermes,
1067 2911 1110 2966 tc·

169 2991 234 3051 lmn
249 2989 323 3049 loris
338 2989 525 3065 flagitantes,
539 2989 642 3048 virum
656 2991 817 3051 tenebant.
831 2990 885 3050 Cui
900 3011 971 3052 eum
984 3013 1110 3059 succur-

169 3086 252 3143 reret
267 3099 370 3152 nemo,
388 3083 469 3159 Lyco
486 3081 612 3160 quidam
628 3083 840 3162 Syracusanus
863 3104 918 3164 per
940 3086 1109 3152 fenestram

169 3174 308 3255 gladium
324 3173 421 3246 dedit,
440 3193 499 3253 quo
515 3174 592 3235 Dion
607 3175 790 3237 interfectus
802 3182 861 3239 est.

138 3282 149 3331 1
211 3275 269 3329 w.
286 3268 428 3328 Confecta
445 3271 548 3342 caede,
578 3288 649 3331 omn
673 3273 839 3334 multitudo
866 3273 987 3335 visendi
1009 3279 1109 3356 gratia

169 3361 337 3429 introisset,
357 3364 499 3423 nonnulli
514 3365 553 3424 ab
569 3364 674 3425 insciis
690 3385 745 3444 pro
767 3367 867 3428 neniis
884 3369 1107 3433 conciduntur.

170 3459 244 3516 Nam
263 3452 355 3513 celeri
380 3473 503 3516 rumore
527 3457 622 3517 dilato
648 3458 737 3518 Dioni
764 3460 825 3520 vim
853 3461 991 3534 allatam,
1019 3463 1109 3525 multi

170 3551 389 3612 concurrerant
406 3550 518 3627 quibus
540 3554 602 3614 tale
624 3553 745 3613 facinus
761 3554 957 3633 displicebat.
982 3555 1020 3616 Hi
1035 3559 1110 3618 falsa

138 3663 153 3713 o
174 3643 440 3723 suspicioneducti
452 3644 653 3707 immerentes
665 3652 700 3708 ut
712 3648 1041 3709 sceleratosocoidnnt.
1050 3653 1110 3710 Hu-
