2430 4110
203 377 249 427 teo
570 378 589 429 l.
603 378 695 431 CATO.
709 380 733 432 ἓ.
747 381 772 432 ὅ,

201 485 293 545 quam
319 467 490 547 quemlibet
519 469 747 548 amplissimum
775 472 1008 536 Sardiniensem
1036 477 1132 541 trium

201 559 310 638 plrum.

178 666 188 714 t
242 661 276 717 2.
292 656 495 718 Consulatum
510 658 608 736 gessit
629 677 699 718 cum
716 660 752 721 L.
776 659 897 721 Valerio
921 663 1041 739 Flacco,
1060 674 1145 731 sorte

120 757 178 817 195
201 751 392 830 provinciam
427 757 537 813 nactus
569 752 750 832 Hispaniam
787 756 978 831 citeriorem,
1014 777 1053 821 ex
1081 781 1145 839 qua

175 844 391 924 atriumplrum
405 845 590 925 deportavit.
607 847 653 907 lbi
678 866 748 907 cum
765 849 882 912 diutius
899 858 1085 929 moraretur,
1103 858 1140 917 P.

197 939 298 1019 Scipio
314 939 484 1012 Africanus,
498 939 606 1001 consul
622 941 746 1014 iterum,
764 943 852 1021 cujus
866 944 897 1004 in
913 947 1009 1024 priori
1025 967 1142 1011 oonsu-

196 1034 261 1095 latu
277 1039 420 1113 quaestor
433 1035 543 1107 fuerat,
558 1034 655 1096 voluit
668 1054 740 1096 curn
754 1037 792 1099 de
808 1037 964 1118 provincia
979 1041 1142 1121 depellere

198 1131 308 1210 etipse
330 1131 358 1192 ei
382 1132 560 1193 succedere.
579 1133 683 1210 Neque
709 1136 768 1194 hoe
782 1153 837 1213 per
851 1142 997 1197 senatum
1015 1139 1142 1202 efficere

198 1226 307 1306 potuit,
332 1246 404 1289 eum
419 1229 546 1307 quidem
562 1228 664 1308 Scipio
677 1229 885 1310 principatum
901 1231 934 1290 in
949 1231 1143 1296 6111161661)-

197 1320 321 1394 tineret,
341 1321 507 1400 6661116111
523 1339 583 1382 non
600 1322 751 1401 potentia,
780 1325 834 1384 sed
845 1323 917 1403 jure
937 1336 990 1401 Ι166
1014 1326 1141 1406 publica

196 1415 481 1476 administrabatur.
505 1415 571 1485 Qua
585 1433 624 1474 ex
642 1433 675 1475 re
702 1415 799 1477 116166
820 1421 945 1489 666616,
973 1421 1139 1482 6611661616

171 1513 320 1588 56616616
337 1509 473 1586 privatus
488 1508 520 1569 in
534 1507 610 1569 urbe
626 1508 750 1568 mansit.
770 1511 808 1570 nt
823 1510 907 1584 Cato,
936 1530 1047 1572 censor
1066 1532 1141 1576 eum

118 1612 176 1671 181
197 1602 306 1664 eodem
320 1602 428 1663 Flacco
443 1603 554 1674 lactus,
571 1619 679 1661 severe
694 1601 828 1680 praefuit
841 1603 869 1663 ei
883 1605 1042 1682 potestati.
1059 1608 1140 1668 Nam

198 1702 230 1758 et
255 1696 288 1756 in
309 1696 483 1775 complures
512 1695 632 1756 nobiles
657 1695 877 1757 animadvertit
902 1702 934 1757 ot
956 1698 1072 1760 multas
1087 1718 1140 1762 res

198 1808 293 1852 novas
308 1790 341 1850 in
352 1790 488 1852 edietum
504 1788 635 1863 addidit,
652 1806 748 1866 quare
759 1789 881 1849 luxuria
896 1789 1133 1868 reprimeretur,

198 1883 350 1962 quaejam
362 1888 429 1944 tum
442 1881 609 1961 incipiebat
619 1881 785 1960 pullulare.
796 1882 901 1961 Usque
912 1883 952 1944 ad
964 1892 1138 1949 extremam
1212 1955 1213 1958 Ἴ

173 1982 341 2049 1661616111,
359 1977 398 2038 ab
411 1965 630 2051 adolescentia,
648 1977 837 2056 reipublicae
860 1996 953 2039 causa
976 1981 1138 2059 suspicere

197 2071 374 2134 inimicitias
391 2089 451 2131 nen
467 2071 598 2132 destitit.
618 2073 765 2132 Amultis
787 2079 923 2133 tentatus
953 2092 1016 2134 non
1044 2077 1139 2137 medo

195 2169 319 2229 nullum
341 2167 566 2230 detrimentum
586 2167 822 2229 existimationis
844 2167 928 2239 feeit,
953 2169 1008 2229 sed
1032 2173 1137 2248 quoad

196 2265 273 2324 vixit
287 2263 438 2325 virtutum
453 2262 546 2322 laude
562 2260 670 2322 crevit.

171 2379 183 2427 1
235 2363 271 2419 8.
284 2357 319 2418 In
335 2356 480 2417 omnibus
493 2355 586 2417 rebus
599 2353 751 2433 singulari
762 2355 821 2415 luit
833 2357 997 2418 industria.
1013 2359 1092 2417 Nam
1104 2367 1139 2422 et

194 2454 328 2535 agricola
339 2454 485 2516 sollerset
496 2451 614 2530 peritus
619 2450 873 2528 jurisconsultus
889 2459 920 2514 et
932 2472 1066 2532 magnus
1078 2454 1138 2516 im-

195 2556 318 2629 perator
330 2553 361 2609 et
372 2544 539 2628 probabilis
552 2551 665 2617 orator,
681 2551 713 2606 61
724 2545 946 2624 cupidissimus
957 2546 1136 2610 litterarum

171 2644 262 2709 afuit.
285 2644 422 2714 Quarum
438 2639 579 2701 studium
601 2638 659 2699 etsi
684 2639 787 2699 senior
815 2639 999 2718 arripuerat,
1027 2646 1136 2703 tamen

194 2741 316 2798 tantum
332 2751 528 2815 progressum
542 2731 625 2803 lecit,
643 2739 679 2794 ut
693 2751 755 2793 non
769 2734 860 2795 facile
882 2735 1012 2814 reperiri
1032 2736 1137 2816 [166611

195 2849 295 2910 neque
308 2830 345 2891 de
358 2826 483 2890 Graecis
498 2845 597 2904 neque
614 2826 652 2887 de
668 2827 784 2888 Italicis
800 2829 893 2889 rebus
906 2829 987 2906 quod
1000 2828 1028 2891 ei
1040 2830 1137 2891 tuerit

169 2923 398 3003 sineugoitum.
415 2923 460 2982 tlh
475 2920 688 3007 adolescentia¹
700 2921 833 2983 conterit
848 2922 1014 2984 orationes.
1031 2923 1136 2986 Senex

193 3021 336 3081 historias
352 3019 488 3081 scribere
510 3017 658 3082 instituit.
675 3021 790 3080 Eurum
812 3027 889 3083 sunt
910 3019 982 3083 libri
997 3027 1131 3101 septem.

192 3115 314 3176 Primus
337 3114 473 3176 eontinet
485 3134 534 3175 res
545 3120 650 3193 gestas
662 3133 773 3194 regum
797 3115 903 3194 populi
919 3115 1049 3177 Romani
1062 3134 1070 3188 ;
1084 3133 1135 3178 66·

193 3209 314 3272 condus
327 3214 357 3269 61
368 3209 490 3281 1611166,
508 3210 592 3269 unde
604 3226 745 3287 quaeque
757 3208 865 3270 6111166
877 3213 944 3270 6116
954 3208 995 3269 611
1005 3208 1131 3282 Italica:

192 3306 231 3366 eb
247 3323 420 3383 quaterem
437 3324 544 3365 ornnes
567 3304 709 3383 Origines
734 3304 859 3365 ridetur
884 3304 1069 3384 appellasse.
1095 3306 1133 3366 In

192 3403 299 3477 quartu
315 3404 420 3459 autem
434 3399 552 3461 bellum
567 3398 735 3460 Poenicum
749 3405 796 3460 cst
809 3399 955 3478 primum,
972 3399 1006 3460 in
1022 3400 1133 3479 quinte

166 3493 1134 3573 tsecundum.Atquehaeeemniacupitulatirnsuntdictalte·

191 3588 274 3666 lique
290 3607 411 3668 queque
426 3588 507 3651 bella
523 3588 590 3668 puri
605 3589 696 3648 616116
709 3594 888 3666 [1616666166
902 3593 960 3661 661,
977 3607 1076 3667 66666
1092 3589 1130 3649 ad

190 3691 367 3765 praeturam
378 3684 475 3746 Servii
489 3685 615 3757 Galbae,
631 3684 683 3762 qui
696 3683 825 3763 diripuit
837 3683 1010 3744 Lusitanos.
1030 3686 1131 3762 Atque
