2430 4110
210 315 243 363 80
511 312 600 364 otltl.
620 313 775 365 EllllENES.
797 313 836 364 15.
895 314 915 324 ’“

210 435 278 479 esse
293 415 482 496 supplicium
498 435 516 478 a
532 436 592 496 quo
610 422 658 479 tot
672 435 771 479 annos
784 418 862 480 adeo
878 428 983 483 essent
997 427 1082 489 male
1096 430 1153 491 ha·
1181 498 1186 503 ,
1205 400 1209 467 3

209 509 276 584 bili,
294 516 328 570 ut
343 528 435 589 saepe
445 510 484 572 ad
498 510 747 590 desperationem
762 512 1014 592 torentadducti,
1031 521 1152 603 quiquo
1201 500 1209 555 ’-

176 631 193 680 2
212 604 362 665 maximos
377 605 471 665 duces
492 604 708 678 interfecisset,
724 604 859 686 denique
873 608 906 669 in
923 629 984 690 quo
998 632 1061 676 uno
1078 622 1151 682 tan-
1206 598 1209 603 ¹

212 704 278 760 tum
293 702 386 772 esset,
404 702 449 771 ut,
466 699 567 777 quoad
579 698 632 760 ille
646 698 777 773 viveret,
793 700 852 780 ipsi
875 707 975 768 securi
994 726 1065 772 esse
1088 733 1152 777 uon

211 798 347 873 possent,
356 793 517 855 interfecto
530 793 608 854 nihil
619 793 883 879 habiturinegotii
899 808 1015 882 essent;
1032 815 1153 887 postre-

210 904 271 963 mo,
288 886 313 947 si
328 886 375 948 illi
385 870 689 962 redderetfflu‘telm
707 875 1026 973 qudeieliaiit'puibus
1041 902 1154 965 amicis

212 989 295 1044 essct
308 987 444 1046 usurus:
468 1001 536 1045 sese
551 982 635 1047 enim
650 1000 720 1044 cum
737 985 876 1048 Eumene
897 991 979 1070 apud
996 1012 1071 1058 eum
1088 1017 1152 1061 non

177 1093 194 1142 a
211 1079 342 1142 futuros.
358 1080 415 1142 llic
426 1080 549 1161 cognita
560 1078 681 1143 consilii
695 1081 868 1157 voluntate,
881 1091 987 1149 tamen
1000 1096 1155 1172 usquead

210 1178 378 1259 septimum
393 1175 477 1238 diem
490 1175 684 1238 deliberandi
698 1174 757 1237 sibi
772 1177 908 1258 spatium
919 1181 1056 1262 reliquit.
1069 1182 1154 1253 Τέω

210 1279 326 1345 nutem,
339 1290 409 1333 cum
415 1270 482 1350 jam
491 1275 698 1332 verereturne
707 1288 768 1349 qua
777 1271 1156 1344 seditioexercitnsorire·

211 1373 273 1439 tur,
284 1365 383 1427 vetuit
398 1382 586 1444 quemquam
601 1364 641 1424 ad
657 1382 728 1426 eum
744 1364 919 1441 admitti,et
933 1371 1155 1448 quotidianum

178 1489 195 1537 l
211 1461 328 1521 victum
344 1457 495 1520 removeri
506 1456 613 1535 jussit.
630 1458 707 1518 Nam
720 1458 855 1537 negabat
868 1472 901 1522 se
917 1463 946 1523 ei
961 1464 1025 1526 vim
1041 1468 1156 1531 allatu·

212 1573 282 1614 rum
297 1552 349 1631 qui
364 1550 529 1631 aliquando
544 1550 655 1611 luisset
667 1551 798 1617 amicus.
816 1553 873 1615 Hic
888 1559 993 1619 tamen
1009 1577 1072 1622 non
1088 1582 1156 1624 am-

211 1651 293 1731 plius
310 1667 403 1729 quam
415 1647 555 1709 triduum
571 1647 656 1708 fame
668 1648 828 1728 fatigatus,
845 1668 916 1712 cum
932 1660 1034 1717 castra
1049 1675 1157 1721 move-

211 1750 332 1818 rentur,
351 1742 503 1805 insciente
515 1741 669 1821 Antigono
679 1742 843 1822 jugulatus
854 1752 935 1807 esta
954 1749 1155 1814 custodibus.

179 1861 191 1911 t
231 1834 1156 1949 18.SioEumenesannorumquinqueetquadragintuffium

212 1939 251 1998 ab
264 1953 345 1996 anno
359 1932 518 2006 vicesimo,
531 1931 577 1993 uti
592 1951 685 2011 supra
701 1933 906 2009 ostendimus,
920 1944 1039 2016 septem
1051 1958 1157 2007 annos

212 2031 357 2111 Philippo
368 2026 573 2110 apparuisset,
590 2028 742 2090 tredecim
756 2031 839 2110 apud
852 2031 1062 2095 Alexandrum
1078 2053 1159 2098 euu-

212 2128 394 2191 demlocum
405 2121 603 2194 obtinuisset,
617 2120 647 2181 in
660 2120 709 2182 his
721 2140 819 2184 unum
832 2124 971 2202 equitum
985 2126 1053 2189 alae
1065 2147 1159 2209 prae·

211 2223 331 2294 fuisset,
345 2224 415 2299 post
425 2220 530 2278 autem
542 2213 709 2276 Alexandri
722 2215 824 2295 Magni
837 2223 970 2280 mortem
983 2219 1158 2300 imperator

212 2317 523 2389 exercitusduxisset,
531 2331 732 2393 summosque
745 2313 841 2376 duces
852 2316 1155 2398 partimrepulisset,

212 2415 325 2497 partim
340 2383 570 2508 interfecisset)
581 2413 689 2487 captus
711 2425 773 2468 non
797 2409 945 2488 Antigoni
960 2410 1075 2482 virtute
1093 2416 1157 2481 ⁴sed

177 2507 194 2559 2
211 2509 416 2572 Macedonum
424 2502 573 2590 perjurio,
586 2496 682 2564 talem
695 2494 805 2562 habuit
815 2476 1077 2604 exitumvitaessn
1091 2525 1157 2586 quo

211 2608 326 2682 quanta
335 2594 795 2676 omniumfueritopinioeorum
807 2595 857 2673 qui
865 2597 1156 2675 postAlexandrum

211 2699 359 2776 Magnum
375 2712 465 2774 reges
488 2695 561 2753 sunt
576 2688 736 2769 appellati,
760 2708 799 2751 ex
813 2690 872 2752 hoc
886 2690 1035 2754 facillime
1050 2699 1159 2772 potest

208 2789 354 2870 judicari,
370 2788 452 2868 quod
468 2803 601 2865 quorum
611 2801 703 2844 nemo
716 2784 854 2846 Eumene
864 2784 934 2846 vivo
949 2803 1002 2846 rex
1014 2788 1158 2867 appello·

180 2902 196 2953 3
217 2894 265 2948 tus
276 2885 397 2960 est‚sed
409 2882 595 2964 praefectus,
605 2876 1034 2958 eidemposthujusocoasum
1047 2883 1157 2945 statim

155 3022 160 3027 -
212 2980 333 3060 regium
350 2984 494 3039 ornatum
514 2993 691 3054 nomenque
708 2978 919 3053 sumpserunt,
938 2993 1051 3054 neque,
1070 2980 1156 3056 quod

211 3076 299 3138 initio
315 3074 544 3154 praedicarant,
566 3090 599 3132 se
621 3069 789 3131 Alexandri
803 3068 912 3132 liberis
934 3089 1066 3150 regnum
1091 3092 1159 3136 ser-

212 3165 1158 3248 vare,praestareroluerunt,ete0unopropugnaroresublato

214 3261 447 3344 quidsentirent
458 3264 657 3340 aperuerunt.
666 3257 767 3337 Hujus
779 3257 906 3319 sceleris
918 3258 1075 3338 principes
1087 3263 1157 3324 lue-

214 3367 290 3422 runt
310 3359 498 3438 Antigdnus,
522 3358 729 3428 Ptolemaeus,
754 3355 914 3432 Seleucus,
938 3355 1157 3436 Lysimttchus,

181 3434 429 3551 lCassandros)
451 3452 627 3531 Antigonus
656 3454 760 3511 autem
789 3452 961 3510 Eumenem
995 3457 1158 3532 rnortupm

215 3546 397 3627 propinquis
413 3540 480 3625 ejus
495 3543 715 3624 sepeliundum
737 3543 876 3603 tradidit.
900 3542 938 3602 lli
955 3542 1081 3605 militari
1098 3544 1157 3608 ho·

215 3649 368 3720 nosloquo
377 3638 498 3712 funere,
513 3636 681 3699 comitante
693 3642 756 3698 toto
768 3633 1155 3719 exercitu,'l1umaverunt,
