2430 4110
471 359 510 409 vt.
531 357 734 411 Ltsanuettl.
755 360 780 412 ⁶2.

480 562 534 625 Vl.
555 563 771 627 tisanana.
802 562 809 573 ‘

129 761 138 809 t
205 749 233 802 t.
253 746 421 816 Lustrum,
446 748 718 821 Lacedaemonius,
746 767 889 828 magnam
906 751 1035 829 reliquit
1046 751 1094 812 sui

159 836 284 911 taniam,
293 842 391 917 magis
404 842 547 903 felicitate
559 862 651 921 quam
660 843 774 904 virtute
782 851 915 923 partam.
924 846 1095 907 Athenien·

159 948 208 989 ses
223 933 305 992 enim
317 941 402 995 sexto
416 941 447 996 et
458 937 605 999 vicesimo
616 957 698 999 anuo
709 937 828 999 bellum
839 944 982 1016 gerentes
995 940 1096 1000 conle-

126 1046 141 1094 2
159 1022 236 1083 cisse
251 1033 495 1108 apparet,neque
510 1031 609 1108 idqua
620 1030 738 1091 ratione
752 1037 935 1092 consecutus
951 1031 991 1092 sit
1005 1033 1092 1093 latet.

160 1115 226 1174 Non
242 1118 324 1178 enim
336 1121 449 1182 virtute
465 1123 512 1184 sui
524 1123 687 1196 exercitae,
701 1124 754 1185 sed
768 1124 963 1184 immodestia
977 1125 1093 1185 factum

79 1219 137 1277 405
159 1215 206 1268 est
218 1211 478 1288 adversariorum,
493 1217 556 1295 qui,
570 1217 651 1295 quod
663 1217 746 1278 dioto
756 1216 918 1277 audientes
930 1216 1096 1294 imperato·

159 1300 244 1364 ribus
257 1305 320 1366 suis
333 1325 394 1368 non
407 1316 504 1382 erant,
519 1310 662 1388 dispalati
673 1310 705 1369 in
718 1310 810 1388 agris,
822 1309 937 1369 relictis
948 1309 1092 1381 navibus,

79 1402 138 1460 tot
159 1392 191 1453 in
204 1397 339 1458 hostium
354 1411 507 1465 venerunt
518 1405 786 1482 potestatem.Quo
797 1403 877 1462 laeto
890 1403 1094 1463 Athenienses

125 1505 192 1551 ese
206 1492 458 1557 Lacedaemoniis
481 1499 677 1560 dediderunt.
706 1499 768 1557 Hae
789 1495 915 1558 victoria
934 1494 1095 1572 Lysander

159 1584 270 1658 elatus,
279 1605 347 1647 eum
361 1596 391 1650 et
402 1595 495 1652 antea
507 1609 631 1668 semper
641 1589 783 1650 factiosus
796 1588 957 1664 audaxque
971 1587 1091 1658 fnisset,

159 1677 202 1737 sie
214 1680 272 1741 sihi
286 1682 426 1759 indulsit,
436 1691 470 1746 ut
483 1687 548 1764 ejus
560 1704 653 1763 opera
665 1687 696 1744 in
709 1684 877 1744 maximum
890 1681 994 1742 odium
1004 1683 1095 1742 Grae-

126 1783 143 1829 t
160 1771 224 1833 ciae
236 1776 469 1841 Lacedaemonii
481 1782 689 1860 pervenerint.
701 1783 777 1842 Nam
790 1797 861 1839 cum
874 1779 953 1837 hane
966 1795 1090 1837 causam

158 1867 394 1932 Lacedaemonii
408 1874 602 1936 dictitassent
615 1875 673 1936 sibi
690 1893 756 1935 esse
770 1872 856 1943 belli,
873 1866 1092 1930 ut'Athenien·

160 1959 1091 2042 siumimpotentemdominationemrefringerent‚p0stquam

158 2056 241 2131 apud
259 2059 356 2136 Aegos
371 2061 486 2122 ilumen
503 2061 663 2140 Lysander
677 2059 784 2121 elassis
800 2057 937 2118 hostium
952 2062 1000 2117 est
1016 2058 1093 2136 poti·

159 2153 221 2221 tus,
235 2152 314 2210 nihil
326 2153 409 2213 aliud
425 2153 551 2215 molitus
567 2161 615 2216 est
629 2174 721 2233 quam
734 2159 769 2214 ut
783 2170 890 2213 omnes
906 2149 1047 2213 civitates
1059 2151 1091 2211 in

160 2260 215 2301 sua
231 2249 349 2305 teneret
360 2253 521 2324 potestate,
530 2267 600 2308 eum
612 2248 644 2308 id
654 2267 687 2308 se
700 2244 1011 2307 Lacedaemoniorum
1024 2264 1092 2305 eau-

125 2362 142 2410 5
161 2356 193 2396 sa
204 2339 480 2402 saeeresimularet.
489 2343 628 2418 Namque
639 2339 777 2417 undique
790 2338 842 2416 qui
854 2338 1090 2399 Atheniensium

157 2434 251 2494 rebus
267 2434 459 2497 studuissent
475 2435 591 2512 ejectis,
608 2435 715 2496 decem
731 2434 890 2509 delegerat
904 2430 936 2490 in
951 2450 1091 2510 unaqua-

158 2544 217 2604 que
229 2526 362 2599 civitate‚
373 2527 484 2606 quihus
497 2546 653 2587 summum
664 2525 829 2604 imperium
843 2524 1089 2602 potestatemque

159 2619 297 2680 omnium
312 2639 415 2680 rerum
433 2621 649 2682 committeret.
669 2622 787 2679 Horum
803 2619 835 2677 in
851 2636 1017 2678 numerum
1034 2638 1089 2679 ne-

159 2732 208 2773 mo
221 2713 453 2785 admittebatur,
472 2712 530 2772 nisi
548 2713 599 2790 qui
615 2718 667 2773 aut
682 2712 748 2790 ejus
769 2709 903 2790 hospitio
916 2712 1091 2772 continere·

159 2813 220 2880 tur,
237 2812 290 2868 aut
304 2826 337 2867 se
351 2807 435 2868 illius
449 2812 512 2867 tere
531 2806 688 2886 proprium
705 2807 765 2867 fide
778 2806 986 2867 confirmarat.

126 2915 137 2962 t
199 2909 233 2962 ⁶2.
264 2902 310 2962 Ita
332 2900 529 2962 decemvirali
554 2905 705 2980 potestate
735 2899 933 2960 inmanibus
958 2900 1089 2961 urhihus

158 2997 323 3057 constituta
335 2996 431 3074 ipsius
446 2999 524 3054 nutu
536 2994 639 3055 aucuia
651 2993 848 3076 gerebantur.
863 2992 957 3070 Cujus
971 2993 1009 3053 de
1021 3013 1090 3053 eru-

158 3090 284 3150 delitate
298 3107 333 3148 ac
348 3087 476 3167 perfidia
488 3087 563 3147 satis
574 3092 622 3149 est
635 3105 728 3147 unam
741 3105 818 3159 rem,
833 3087 964 3165 exempli
976 3089 1087 3167 gratia,

159 3186 303 3262 proferre,
321 3202 360 3242 ne
375 3183 413 3242 de
430 3182 538 3242 eodem
554 3182 642 3259 plura
657 3181 868 3242 enumerando
883 3180 1089 3260 defatigemus

125 3289 140 3337 a
158 3279 298 3338 lectores.
317 3276 421 3337 Victor
436 3293 473 3335 ex
496 3274 565 3334 Asia
584 3293 655 3334 cum
671 3277 877 3333 reverteretur
892 3275 1090 3352 Thasumque

76 3386 135 3442 aot
158 3373 345 3443 divertisset,
360 3372 440 3450 qued
456 3389 492 3432 ea
504 3370 612 3431 civitas
634 3371 798 3448 praecipua
820 3369 881 3428 fide
902 3370 1001 3429 fuerat
1018 3389 1090 3449 erga

103 3515 106 3519 ,
157 3464 370 3536 Athenienses,
400 3463 530 3541 preinde
545 3481 581 3524 ao
599 3462 624 3523 si
647 3462 742 3522 iidem
763 3460 932 3522 firmissimi
955 3462 1090 3524 solerent

157 3576 224 3618 esse
239 3555 330 3616 amici
353 3556 405 3634 qui
423 3560 600 3616 constantes
614 3555 744 3615 tuissent
768 3554 898 3628 inimici,
912 3561 1089 3633 pervertere

124 3667 139 3714 5
159 3669 226 3712 eam
243 3649 428 3728 concupivit.
444 3648 528 3709 Vidit
543 3653 659 3723 autem,
676 3648 734 3709 nisi
749 3647 781 3707 in
795 3665 831 3708 ee
846 3649 1029 3712 occultasset
1040 3669 1090 3711 ve·
