2430 4110
193 363 241 416 too
513 368 545 420 ll.
564 371 708 423 ll'l’TlCUS.
726 372 751 424 9.
773 373 811 426 lo.

158 483 167 530 1
231 479 265 532 9.
290 470 438 533 Secutum
462 478 509 533 est
527 473 645 533 bellum
669 481 794 553 gestum
814 479 896 556 apud
916 479 1081 543 Mutinam.
1098 483 1137 545 In

128 549 168 612 43
191 575 250 638 quo
264 553 289 615 si
305 559 426 615 tantum
439 573 509 614 eum
523 556 708 633 prudentem
723 558 837 629 diram,
853 562 957 622 minus
970 581 1065 641 quam
1078 566 1135 626 de-

190 653 279 712 beam
294 650 481 729 praedicem,
495 669 564 710 eum
576 649 628 710 ille
641 652 742 730 petius
755 653 878 716 divinus
891 657 996 731 fuerit,
1014 658 1041 720 si
1053 659 1135 722 diri-

145 741 152 755 ’
188 745 272 806 natio
288 744 475 823 appellanda
495 751 543 805 est
568 751 719 824 perpetua
733 748 884 810 naturalis
899 750 1133 834 bouitas,qnae

155 826 171 876 9
187 839 282 900 nullis
296 839 417 899 casibus
429 838 673 917 agitaturneque
687 840 963 904 minuitur.Hostis
976 847 1132 909 Antonius

184 933 1130 1013 judicatusllaliacesseratspasrestituendipallueratNon

188 1029 289 1088 solum
305 1026 434 1100 inimici,
458 1026 594 1105 quitum
612 1033 701 1088 erant
715 1029 924 1106 potentissimi
940 1036 972 1091 et
987 1033 1126 1111 plurimi,

188 1122 242 1183 sed
261 1121 355 1181 etiam
371 1122 423 1200 qui
437 1121 624 1182 adversariis
641 1121 707 1199 ejus
722 1141 755 1184 se
773 1122 890 1183 dabant
905 1130 937 1184 et
959 1124 991 1184 in
1013 1144 1050 1187 eo
1065 1127 1128 1189 lae·

188 1217 431 1296 dendnaliquam
447 1224 668 1279 consecuturos
681 1219 847 1296 sperabant
859 1221 1125 1295 commoditatem,

186 1313 309 1375 Antonii
321 1312 488 1373 familiares
498 1313 757 1391 insequebantur,
767 1331 896 1375 uxorem
909 1313 931 1372 F
935 1313 1052 1377 ulriam
1065 1337 1127 1378 em-

142 1482 148 1488 ·
186 1410 278 1470 nibus
304 1409 397 1469 rebus
419 1406 551 1484 spoliare
572 1408 750 1485 cupiebant,
768 1407 882 1468 liberes
898 1408 994 1469 etiam
1010 1411 1126 1472 exstin-

152 1505 167 1553 ὅ
184 1500 665 1581 guare-parabantbttieus,eum
677 1500 832 1561 Ciceronis
844 1501 955 1562 intima
966 1502 1125 1566 familiari·

185 1601 248 1655 tate
262 1593 843 1668 uteretur,amiriss1musassetBruto‚
860 1613 922 1656 non
938 1597 1032 1658 modo
1048 1599 1125 1659 nihil

184 1690 222 1750 iis
237 1689 369 1750 indulsit
394 1688 431 1748 ad
456 1688 626 1748 Antonium
648 1689 841 1762 violandum,
866 1690 920 1751 sed
937 1693 1124 1754 econtrario

184 1783 351 1844 larniliares
373 1781 398 1858 ej
405 1797 438 1840 us
455 1799 492 1840 ex
508 1781 583 1842 urbe
599 1781 822 1859 profugientes,
840 1788 994 1860 quantum
1010 1786 1122 1862 potuit,

149 1882 165 1930 4
183 1877 268 1948 texit,
279 1876 391 1954 quibus
403 1873 497 1934 rebus
511 1874 715 1952 indiguerunt
725 1874 775 1952 adj
782 1875 901 1936 uvit.P.
913 1894 985 1936 rere
999 1877 1124 1940 Volum-

182 1971 234 2030 nio
249 1989 285 2031 ea
302 1969 420 2039 tribuit,
435 1976 469 2028 ut
491 1968 579 2047 plura
595 1988 612 2028 a
627 1974 756 2048 parente
771 1969 923 2046 proficisci
938 1988 1002 2055 nou
1017 1979 1125 2051 potue-

182 2067 256 2126 rint.
272 2065 336 2143 Ipsi
350 2068 456 2141 autem
471 2061 611 2134 Fulviae,
627 2081 699 2122 eum
715 2061 822 2123 litibus
839 2062 1043 2125 distineretur
1060 2085 1123 2128 ma-

181 2162 312 2239 gnisque
327 2158 497 2220 terroribus
513 2161 686 2228 vexaretur,
705 2161 791 2216 tanta
807 2157 969 2235 diligentia
984 2159 1121 2222 officium

180 2274 273 2315 suum
284 2251 491 2333 praestitit,ut
504 2251 624 2310 nullum
634 2249 687 2310 illa
697 2249 812 2310 stiterit
824 2250 1039 2311 vadimonium
1053 2253 1120 2315 sine

146 2356 162 2404 5
179 2349 291 2417 Attico,
308 2344 358 2405 bie
373 2361 503 2422 sponsor
518 2342 657 2402 omnium
672 2361 778 2402 rerum
793 2342 897 2404 fuerit.
915 2343 994 2414 Quin
1011 2346 1117 2420 etiam,

178 2461 247 2502 eum
270 2440 324 2500 illa
344 2437 479 2498 fundum
509 2436 645 2496 secunda
669 2438 795 2497 fortuna
823 2437 950 2498 emisset
974 2438 1007 2498 in
1034 2440 1119 2502 diem

177 2540 359 2614 nequepost
373 2531 581 2593 calamitatem
593 2550 754 2592 versuram
770 2533 868 2594 faeere
885 2532 1047 2611 potuisset,
1065 2536 1119 2598 ille

178 2648 210 2691 se
225 2626 423 2704 interposuit,
440 2626 667 2704 pecuniamque
690 2626 757 2685 sine
780 2627 885 2687 fenore
907 2625 1037 2708 sineque
1052 2629 1118 2690 ulla

177 2725 377 2804 stipulatione
399 2720 542 2793 eredidit,
567 2721 738 2781 maximum
752 2721 933 2784 existimans
949 2730 1116 2800 quaestum

176 2838 346 2882 memorem
368 2821 555 2896 gratumque
581 2815 735 2894 cognosci,
749 2816 905 2894 simulque
921 2817 1066 2896 aperiens
1082 2839 1115 2880 se

142 2931 236 2980 onon
265 2917 416 2982 fortunae,
449 2910 503 2971 sed
531 2910 710 2971 bominibus
740 2910 840 2970 solere
869 2929 937 2972 essa
962 2912 1112 2973 amioum.

175 3012 258 3081 Quae
280 3025 351 3068 eum
370 3003 512 3075 faciebat,
532 3022 623 3063 nemo
646 3021 718 3062 eum
745 3002 892 3081 temporis
907 3021 1000 3062 eausa
1013 3004 1114 3066 l'aeere

172 3099 490 3183 poteratexistimare:
502 3097 619 3157 nemini
632 3096 716 3156 enim
730 3096 761 3154 in
775 3096 951 3174 opinionem
967 3097 1115 3160 veniebat

139 3228 154 3275 7
172 3195 339 3257 Antonium
352 3211 455 3253 rerum
467 3191 652 3269 potiturum.
661 3189 719 3250 Sed
727 3190 912 3269 sensusejus
923 3209 942 3250 a
952 3192 1113 3253 nonnullis

170 3289 372 3370 optimatibus
408 3284 717 3364 reprehendebatur,
752 3282 834 3360 quod
870 3302 980 3363 parum
1010 3285 1113 3347 odisse
1160 3338 1171 3353 ,

171 3384 267 3444 males
299 3382 382 3442 cives
406 3378 571 3439 videretur.
598 3378 654 3437 llle
680 3382 785 3436 autern
805 3376 852 3436 sui
870 3376 992 3454 judieii,
1010 3379 1113 3455 potins

171 3477 245 3557 quid
261 3496 293 3537 se
309 3478 408 3536 faeere
437 3477 597 3551 parasset
623 3471 816 3543 intuebatur,
843 3489 935 3549 quam
958 3471 1035 3549 quid
1058 3473 1111 3533 alii

168 3569 326 3633 laudaturi
340 3569 453 3629 forent.

212 3673 271 3728 to.
287 3667 441 3726 Conversa
457 3659 561 3720 subito
577 3659 700 3719 fortuna
715 3664 773 3720 est.
790 3660 832 3721 Ut
846 3656 999 3720 Antonius
1014 3657 1110 3718 rediit
