2430 4110
394 335 457 386 xlv.
474 335 633 386 DATlllES.
652 337 676 386 9.
699 335 737 385 10.
1001 336 1034 390 55

74 508 77 515 Δ
101 456 149 498 rex
164 439 311 498 adversus
331 439 478 497 Datamen
500 441 673 514 susceperat
687 436 826 498 sedatum
851 445 913 513 est;
937 442 1032 500 Aulo-

101 531 259 609 phradates
280 529 312 590 111
331 529 498 609 Phrygiam
511 548 543 590 se
557 528 681 609 recepit.

139 625 180 683 9.
194 627 233 684 At
249 642 313 695 rex,
326 624 408 702 quod
423 623 612 702 implacabile
631 623 737 684 odium
752 623 784 683 in
799 626 945 685 Datamen
963 645 1029 686 sus·
1044 636 1056 681 1

102 724 237 798 ceperat,
268 723 429 796 postquam
448 717 528 777 hello
549 735 620 777 eum
640 716 770 795 opprimi
785 737 847 778 non
868 737 953 797 posse
967 720 1032 779 ani-

102 810 281 882 madvertit,
300 809 418 871 insidiis
429 809 600 870 interlicere
618 810 753 881 studuit;
767 830 842 888 quas
856 811 906 872 ille
917 813 1032 891 pleras-

102 924 159 983 que
177 903 313 964 evitavit.
334 903 438 976 Sicut,
458 923 528 964 cum
549 905 576 965 ei
594 905 771 966 nuntiatum
790 913 867 968 esset
883 907 1060 985 quosdama

103 998 157 1058 sihi
172 996 320 1067 insidiari,
336 997 389 1076 qui
411 997 444 1056 in
458 996 627 1058 amicorum
643 1006 729 1060 erant
750 1019 889 1061 numero.
907 1003 950 1062 De
964 1003 1032 1080 qui-
1084 996 1085 999 '

103 1091 158 1150 bus
169 1089 251 1168 quod
273 1089 387 1149 inimici
410 1090 601 1162 detulerant,
618 1111 717 1170 neque
733 1094 920 1153 credendum
934 1114 1033 1173 neque

103 1183 319 1262 negligendum
336 1183 457 1261 putavit
476 1183 625 1262 :experiri
640 1184 738 1245 voluit
756 1205 865 1246 verum
884 1188 1034 1248 falsumne

104 1277 157 1336 sihi
169 1285 248 1336 esset
258 1277 402 1336 relatum.
416 1277 522 1354 ltaque
537 1277 736 1355 eoprofectus
749 1279 836 1338 estin
850 1299 911 1358 quo
926 1280 1032 1340 itinere
1047 1307 1062 1352 5

105 1371 222 1430 futuras
236 1367 361 1430 insidias
383 1369 533 1429 dixerant.
547 1371 606 1431 Sed
623 1370 714 1449 elegit
728 1389 851 1450 corpore
866 1391 900 1432 ac
920 1378 1036 1433 statura

105 1460 293 1522 simillimum
313 1462 380 1534 sui,
406 1463 495 1540 eique
510 1463 655 1523 vestitum
676 1484 768 1524 suum
780 1465 863 1525 dedit
884 1471 975 1544 atque
999 1486 1035 1527 eo

105 1558 167 1617 loeo
183 1556 225 1616 ire
249 1575 310 1634 quo
324 1556 387 1634 ipse
409 1563 567 1617 consuerat
585 1558 693 1635 jussit;
713 1558 905 1637 ipse”autem
926 1566 1036 1620 ornatu

106 1651 276 1728 vestituque
297 1649 421 1708 militari
443 1650 522 1710 inter
544 1652 676 1730 eorporis
697 1653 836 1712 custodes
859 1654 915 1712 iter
936 1654 1062 1720 faceres

106 1743 212 1820 eoepit.
232 1746 271 1802 nt
286 1741 494 1813 insidiatores,
508 1748 668 1820 postquam
680 1745 712 1803 in
726 1763 797 1803 eum
811 1744 911 1803 locum
926 1764 1036 1820 agmen

108 1836 264 1915 pervenit,
293 1836 410 1913 decepti
439 1836 545 1895 ordine
574 1842 666 1913 atque
695 1837 808 1897 vestitu
828 1837 976 1916 impetum
1005 1840 1036 1898 in

107 1949 176 1989 eum
200 1928 317 1988 faciunt
338 1927 390 2005 qui
413 1929 588 2007 suppositus
611 1934 676 1988 erat
698 1930 911 2008 :praedixerat
933 1937 1036 1992 autem

109 2024 141 2083 iis
156 2025 297 2083 Datames
316 2041 386 2081 cum
402 2022 514 2099 quibus
537 2023 593 2081 iter
609 2022 735 2082 faciebat
764 2029 798 2082 111
821 2025 915 2102 parati
937 2030 1037 2085 essent

108 2118 203 2175 lacere
218 2115 299 2193 quod
314 2115 412 2193 ipsum
425 2114 581 2173 vidissent.
596 2115 675 2192 lpse,
690 2121 723 2174 ut
737 2123 951 2177 concurrentes
966 2117 1035 2176 insi·
1050 2127 1065 2172 5

110 2210 237 2268 diatones
261 2207 400 2266 animum
427 2206 576 2276 advertit,
605 2208 662 2266 tela
690 2208 720 2265 in
736 2226 786 2267 eos
809 2209 947 2287 conjecit.
976 2212 1038 2270 Hoc

111 2304 187 2362 idem
207 2319 278 2360 011111
301 2299 436 2360 universi
465 2299 624 2371 fecissent,
641 2301 819 2379 priusquam
844 2303 1039 2380 pervenirent

111 2399 143 2458 ad
160 2417 231 2458 eum
246 2415 337 2474 quem
349 2394 471 2474 aggredi
487 2395 628 2454 volebant
659 2396 768 2455 confixi
792 2398 1000 2457 conciderunt.

151 2492 215 2549 w.
238 2491 293 2550 Hie
320 2496 421 2547 tamen
445 2493 507 2546 tam
532 2488 659 2547 callidus
677 2490 725 2547 vir
738 2495 872 2548 extremo
901 2495 1063 2568 temperet

112 2592 214 2664 eaptus
228 2587 273 2642 est
287 2580 481 2651 Mithridatis,
494 2580 704 2641 Ariobarzanis
719 2581 786 2654 filii,
805 2584 884 2645 dolo.
902 2587 1039 2663 Namque

114 2679 136 2738 is
149 2678 300 2757 pollicitus
320 2681 366 2737 est
383 2675 445 2755 regi
469 2694 500 2736 se
522 2695 594 2736 eum
619 2677 872 2751 interfecturum,
897 2679 921 2738 si
938 2680 965 2740 ei
985 2695 1038 2739 rex

113 2772 299 2849 permitteret
333 2776 368 2830 ut
402 2770 617 2848 quodcumque
658 2772 748 2831 vellet
776 2773 881 2833 liceret
913 2774 1039 2852 impune

114 2866 226 2936 faeere,
251 2864 405 2942 fidemque
420 2863 457 2924 de
473 2882 508 2924 ea
527 2882 558 2922 re
573 2882 656 2923 more
675 2866 838 2923 Persarum
860 2866 965 2926 dextra
986 2868 1040 2927 de·

114 2960 214 3020 disset.
229 2961 315 3019 Hanc
328 2965 363 3018 ut
390 2959 504 3037 aceepit
524 2974 625 3035 arege
641 2957 782 3029 missam,
799 2959 898 3038 copies
912 2966 998 3038 parat.
1008 2966 1068 3021 eta

115 3053 220 3112 aliseos
239 3051 403 3110 amicitiam
427 3070 498 3110 cum
513 3053 637 3110 Datame
662 3050 754 3110 tacit:
776 3052 856 3131 regis
871 3052 1040 3130 provincias

115 3154 212 3218 vexat,
236 3146 356 3206 castella
372 3151 543 3225 expugnatg
559 3164 685 3224 magnas
704 3147 829 3224 praedas
851 3149 945 3226 eupit,
964 3168 1040 3227 qua-

115 3260 182 3299 rum
198 3240 308 3318 partim
322 3239 385 3297 suis
406 3238 561 3316 dispertit,
578 3238 687 3315 partim
708 3238 746 3296 ad
768 3240 914 3299 Datamen
929 3241 1037 3314 minin

116 3334 178 3412 pari
194 3333 283 3392 modo
293 3332 448 3410 complura
460 3332 580 3392 castella
592 3332 618 3391 ei
632 3331 732 3392 tradit.
747 3334 827 3392 Haec
838 3332 892 3392 diu
903 3335 1039 3396 faciendo
1053 3364 1069 3410 3

117 3426 264 3504 persuasit
287 3425 402 3484 homini
425 3445 455 3484 se
472 3424 627 3484 infinitum
648 3425 793 3487 adversus
817 3446 920 3504 regern
942 3449 1042 3490 susce·

117 3519 192 3597 pisse
202 3518 336 3589 bellum,
351 3537 421 3576 cum
440 3518 534 3578 nihilo
552 3520 659 3596 magis,
677 3507 822 3598 nequam
839 3522 1041 3602 suspicionem

119 3613 158 3672 illi
168 3611 323 3695 praeberet
340 3612 530 3683 insidiarum,
544 3631 642 3691 neque
651 3613 833 3692 colloquium
845 3617 911 3696 ejus
922 3619 1044 3698 petivit,

1012 3720 1024 3745 ἱ
1086 3744 1090 3751 .
