2430 4110
390 323 392 330 ·
458 317 533 367 nur.
549 315 794 368 sansonesca
1048 322 1081 372 ce
1097 283 1106 290 '⁷

141 422 224 482 dicto
250 422 381 483 audiens
396 421 455 481 fuit
465 421 561 499 jussis
575 421 753 482 absentium
778 425 1028 502 magistratuum,
1045 431 1080 487 ut

141 517 169 576 si
191 517 332 594 privatus
347 516 380 577 in
403 516 526 576 comitio
541 522 624 576 esset
639 517 776 595 Spartae.
794 518 886 599 Cujus
902 523 1079 601 exemplum

140 611 264 671 utinam
280 612 481 689 imperatores
498 611 594 670 nostri
615 610 703 689 sequi
724 611 914 675 voluissent!
931 616 992 676 Sed
1007 617 1079 678 illuc

139 704 318 764 redeamus.
347 703 508 781 Agesilaus
533 702 767 782 opulentissimo
789 725 886 784 regno
901 711 1104 787 praeposuit5

137 797 256 858 bonam
279 797 551 869 existimationem,
569 797 728 876 multoque
746 798 909 876 gloriosius
925 802 1024 874 duxit,
1052 805 1078 864 si

139 889 293 950 institutis
317 891 433 968 patriae
458 889 613 968 paruisset
634 909 728 968 quam
752 891 778 951 si
801 891 881 952 hello
902 903 1079 971 superasset

138 986 255 1046 Asiam.
273 988 336 1045 Hae
352 985 447 1064 igitur
457 990 562 1045 mente
577 984 813 1062 Hellespontum
827 987 930 1066 copias
945 991 1104 1070 trajecil‚t

140 1085 290 1158 tantaque
306 1100 381 1140 usus
392 1086 439 1140 est
454 1080 622 1151 celeritate,
636 1084 681 1152 ut,
696 1080 779 1158 quod
797 1081 857 1141 iter
868 1083 984 1145 Xerxes
996 1103 1078 1144 anno

139 1179 282 1235 vertente
298 1175 481 1245 confecerat,
496 1173 546 1234 hic
557 1173 852 1252 transierittriginta
867 1175 988 1237 diebus.
1001 1178 1103 1238 Cnmt

131 1267 201 1344 jam
217 1267 302 1327 haud
315 1268 357 1326 ita
371 1267 433 1326 lon
425 1286 463 1344 ge
479 1268 603 1328 abesset
591 1266 868 1345 t,aPeloponneso
883 1269 980 1330 ohsist
967 1273 1032 1331 tere
1048 1264 1077 1330 ei

137 1361 240 1419 conati
263 1365 401 1420 suntt
363 1360 627 1420 Atheniensest
595 1364 627 1420 et
654 1360 761 1448 Boeoti
737 1360 942 1439 treeterique
969 1380 1076 1422 eorum

138 1434 211 1516 socii
227 1458 311 1535 apud
326 1459 515 1529 Coroneam
542 1476 620 1535 quos
635 1459 744 1518 omnes
759 1457 845 1536 gravi
861 1458 1018 1536 proelio
991 1459 1073 1519 vicit.

137 1550 239 1628 HuJ'us
265 1552 327 1610 vict
328 1552 410 1612 oriae
435 1550 485 1611 vel
506 1550 641 1609 maxima
655 1550 713 1610 luit
726 1550 794 1611 laus
810 1551 904 1629 quod,
922 1570 993 1611 cum
1009 1552 1075 1631 ple·
1085 1559 1100 1608 o

138 1643 226 1722 rique
245 1664 283 1706 ex
299 1648 370 1724 tuga
396 1664 428 1707 se
445 1646 477 1705 in
503 1645 655 1723 templum
680 1644 835 1705 Minervae
858 1647 1073 1725 conjecissent,

137 1743 403 1817 quaerereturque
419 1739 459 1798 ah
472 1757 508 1798 eo
523 1737 598 1816 quid
613 1738 650 1797 iis
667 1730 760 1798 tellet
774 1730 854 1809 fieri,
870 1738 929 1798 etsi
958 1740 1076 1818 aliquot

136 1831 268 1892 vulnera
283 1839 443 1912 acceperat
457 1851 494 1893 eo
509 1832 624 1910 proelio
639 1837 670 1892 et
685 1832 783 1892 iratus
798 1831 963 1892 videbatur
977 1835 1076 1893 omni-

137 1924 196 1985 bus
213 1925 266 2004 qui
282 1927 431 1988 adversus
447 1945 534 1987 arma
549 1924 699 1997 tulerant,
716 1930 822 1985 tamen
845 1926 991 1987 antetulit
1011 1927 1075 1988 irae

138 2021 322 2100 rehgronem
337 2028 369 2084 e
379 2042 431 2084 eos
454 2027 506 2082 vet
507 2022 554 2082 uit
494 2021 684 2082 ttviolari.
698 2024 804 2100 Neque
816 2040 889 2082 vero
905 2024 963 2082 hoc
975 2023 1100 2083 solumi

137 2113 170 2173 in
182 2115 310 2176 Graecia
326 2117 442 2188 fecit,u
447 2115 587 2194 ttempla
599 2116 729 2176 deorum
744 2119 851 2175 sancta
866 2115 1006 2186 haberet,
1020 2118 1076 2176 sed

137 2206 232 2267 etiam
244 2208 327 2286 apud
338 2209 487 2269 barbaros
500 2227 622 2268 summa
634 2208 783 2285 religione
795 2207 899 2267 omnia
910 2207 1076 2269 simulacra

136 2321 267 2381 arasque
284 2303 488 2364 conservavit.
503 2304 611 2380 itaque
626 2302 824 2381 praedicabat
835 2302 941 2362 mirari
954 2322 999 2374 se,
1012 2311 1101 2364 non8

137 2396 359 2473 sacrilegorum
374 2416 504 2457 numero
527 2395 634 2455 haberi
661 2396 715 2474 qui
741 2395 932 2473 supplicibus
947 2395 1076 2455 deorum

137 2489 329 2562 nocuissent,
346 2496 477 2550 autnon
499 2489 696 2566 gravioribus
719 2489 827 2567 poenis
845 2488 925 2548 affici
940 2488 993 2566 qui
1008 2488 1078 2548 reli-

137 2581 264 2658 gionem
281 2584 473 2654 minuerent,
492 2601 585 2660 quam
601 2583 653 2660 qui
669 2584 740 2643 lana
754 2582 933 2661 spoliarent.

179 2681 213 2736 5.
242 2680 316 2738 Post
341 2679 399 2738 hoc
428 2677 580 2755 proelium
611 2676 756 2738 collatum
784 2695 876 2738 omne
898 2676 1098 2748 hellumest1

100 2814 102 2821 Α
138 2769 219 2830 circa
236 2771 431 2841 Corinthum,
450 2771 581 2849 ideoque
597 2770 791 2832 Corinthium
805 2775 853 2830 est
875 2771 1074 2848 appellatum.

140 2865 192 2924 llic
204 2884 276 2925 cum
290 2885 352 2924 una
364 2884 468 2943 pugna
481 2866 588 2925 decern
600 2865 687 2923 milia
698 2863 834 2923 hostium
845 2862 986 2940 Agesilao
998 2863 1102 2924 ducet

137 2958 331 3030 cecidissent,
350 2976 448 3036 eoque
463 2959 540 3017 lacto
553 2977 626 3036 opes
639 2955 887 3016 adversariorum
899 2954 1076 3041 debilitatae

137 3052 329 3126 viderentur,
345 3057 467 3112 tanturn
479 3052 556 3111 afuit
567 3052 607 3110 ab
623 3049 788 3110 insolentia
803 3048 930 3127 gloriae,
946 3054 982 3109 ut
997 3068 1078 3109 corn·

137 3147 303 3208 miseratus
319 3148 359 3207 sit
373 3149 531 3207 fortunam
548 3146 704 3216 Graeciae,
722 3145 804 3223 quod
820 3148 884 3204 tam
905 3144 995 3204 multi
1010 3165 1028 3204 a
1044 3165 1076 3205 sc

136 3239 206 3300 victi
235 3240 310 3300 vitio
336 3239 586 3300 adversariorum
608 3237 836 3298 concidissent:
861 3256 996 3315 namquo
1024 3237 1077 3297 illa

136 3333 349 3405 multitudine,
367 3334 392 3394 si
410 3353 484 3394 sana
500 3352 590 3393 mens
613 3324 868 3403 esset'Graceiae,
892 3329 1077 3408 supplicium

137 3430 245 3489 Persas
259 3427 333 3488 dare
346 3427 494 3506 potuisse.
503 3426 602 3496 Idem,
614 3445 684 3485 curn
695 3424 889 3485 adversarios
903 3423 985 3483 intra
998 3417 1103 3484 moe-5

136 3523 186 3582 nia
217 3520 420 3598 compulisset
445 3526 476 3582 ct
503 3525 537 3580 ut
559 3520 741 3579 Corinthum
772 3523 965 3597 oppugnaret
986 3518 1077 3578 multi
1100 3523 1155 3582 ool

137 3615 347 3688 hortarentur,
360 3612 487 3693 negavit
498 3611 530 3671 id
545 3630 618 3673 suae
630 3611 738 3673 virtuti
751 3610 932 3673 convenire:
947 3629 979 3671 se
994 3609 1079 3670 enim
