<?xml version="1.0" encoding="UTF-8"?>
<!DOCTYPE html PUBLIC "-//W3C//DTD XHTML 1.0 Transitional//EN"
    "http://www.w3.org/TR/xhtml1/DTD/xhtml1-transitional.dtd">
<html xmlns="http://www.w3.org/1999/xhtml" xml:lang="en" lang="en">
 <head>
  <title>
</title>
<meta http-equiv="Content-Type" content="text/html;charset=utf-8" />
  <meta name='ocr-system' content='tesseract 3.04.00' />
  <meta name='ocr-capabilities' content='ocr_page ocr_carea ocr_par ocr_line ocrx_word'/>
</head>
<body>
  <div class='ocr_page' id='page_1' title='image "./corneliinepotis00roergoog_0114.png"; bbox 0 0 2430 4110; ppageno 0'>
   <div class='ocr_carea' id='block_1_1' title="bbox 410 368 1059 442">
    <p class='ocr_par' dir='ltr' id='par_1_1' title="bbox 410 368 1059 442">
     <span class='ocr_line' id='line_1_1' title="bbox 410 368 1059 442; baseline -0.003 0"><span class='ocrx_word' id='word_1_1' title='bbox 410 392 429 442; x_wconf 89' lang='lat'>1.</span> <span class='ocrx_word' id='word_1_2' title='bbox 447 391 594 442; x_wconf 79' lang='lat' dir='ltr'>urricus.</span> <span class='ocrx_word' id='word_1_3' title='bbox 615 391 681 441; x_wconf 73' lang='lat' dir='ltr'>ee.</span> <span class='ocrx_word' id='word_1_4' title='bbox 959 390 1003 441; x_wconf 82' lang='lat' dir='ltr'>tot</span> <span class='ocrx_word' id='word_1_5' title='bbox 1050 368 1059 380; x_wconf 85' lang='grc'><strong><em>’</em></strong></span> 
     </span>
    </p>
   </div>
   <div class='ocr_carea' id='block_1_2' title="bbox 77 484 1039 1042">
    <p class='ocr_par' dir='ltr' id='par_1_2' title="bbox 77 484 1039 1042">
     <span class='ocr_line' id='line_1_2' title="bbox 77 484 1008 568; baseline -0.005 -12"><span class='ocrx_word' id='word_1_6' title='bbox 77 495 191 568; x_wconf 88' lang='lat' dir='ltr'>horum</span> <span class='ocrx_word' id='word_1_7' title='bbox 204 493 356 555; x_wconf 87' lang='lat' dir='ltr'>bellorum</span> <span class='ocrx_word' id='word_1_8' title='bbox 370 491 461 552; x_wconf 89' lang='lat' dir='ltr'>duces</span> <span class='ocrx_word' id='word_1_9' title='bbox 475 509 538 552; x_wconf 88' lang='lat' dir='ltr'>non</span> <span class='ocrx_word' id='word_1_10' title='bbox 556 491 740 565; x_wconf 90' lang='lat' dir='ltr'>nominavit,</span> <span class='ocrx_word' id='word_1_11' title='bbox 754 492 807 552; x_wconf 92' lang='lat' dir='ltr'>sed</span> <span class='ocrx_word' id='word_1_12' title='bbox 824 484 889 553; x_wconf 82' lang='lat' dir='ltr'>sine</span> <span class='ocrx_word' id='word_1_13' title='bbox 908 492 1008 553; x_wconf 89' lang='lat' dir='ltr'>nomi-</span> 
     </span>
     <span class='ocr_line' id='line_1_3' title="bbox 77 572 1009 662; baseline -0.002 -14"><span class='ocrx_word' id='word_1_14' title='bbox 77 589 172 648; x_wconf 88' lang='lat' dir='ltr'>nihus</span> <span class='ocrx_word' id='word_1_15' title='bbox 182 605 231 647; x_wconf 89' lang='lat' dir='ltr'>res</span> <span class='ocrx_word' id='word_1_16' title='bbox 242 585 369 647; x_wconf 91' lang='lat' dir='ltr'>notavit.</span> <span class='ocrx_word' id='word_1_17' title='bbox 386 589 420 645; x_wconf 91' lang='lat' dir='ltr'>ln</span> <span class='ocrx_word' id='word_1_18' title='bbox 434 572 541 645; x_wconf 78' lang='lat' dir='ltr'>iisdeiu</span> <span class='ocrx_word' id='word_1_19' title='bbox 555 584 694 662; x_wconf 75' lang='lat' dir='ltr'>exposuit</span> <span class='ocrx_word' id='word_1_20' title='bbox 704 603 781 662; x_wconf 85' lang='lat' dir='ltr'>quoe</span> <span class='ocrx_word' id='word_1_21' title='bbox 797 584 829 645; x_wconf 91' lang='lat' dir='ltr'>in</span> <span class='ocrx_word' id='word_1_22' title='bbox 841 584 928 645; x_wconf 88' lang='lat' dir='ltr'>ltalia</span> <span class='ocrx_word' id='word_1_23' title='bbox 942 586 1009 646; x_wconf 88' lang='lat' dir='ltr'>His-</span> 
     </span>
     <span class='ocr_line' id='line_1_4' title="bbox 78 677 1012 761; baseline -0.001 -20"><span class='ocrx_word' id='word_1_24' title='bbox 78 681 239 761; x_wconf 82' lang='lat' dir='ltr'>paulisque</span> <span class='ocrx_word' id='word_1_25' title='bbox 247 679 413 740; x_wconf 85' lang='lat' dir='ltr'>autfierent</span> <span class='ocrx_word' id='word_1_26' title='bbox 421 677 892 740; x_wconf 87' lang='lat' dir='ltr'>autviderenturadmiranda.ln</span> <span class='ocrx_word' id='word_1_27' title='bbox 900 679 1012 758; x_wconf 92' lang='lat' dir='ltr'>quibus</span> 
     </span>
     <span class='ocr_line' id='line_1_5' title="bbox 79 770 987 850; baseline -0.002 -16"><span class='ocrx_word' id='word_1_28' title='bbox 79 774 178 835; x_wconf 87' lang='lat' dir='ltr'>multa</span> <span class='ocrx_word' id='word_1_29' title='bbox 189 772 340 833; x_wconf 91' lang='lat' dir='ltr'>industria</span> <span class='ocrx_word' id='word_1_30' title='bbox 350 776 380 832; x_wconf 89' lang='lat' dir='ltr'>et</span> <span class='ocrx_word' id='word_1_31' title='bbox 392 770 550 850; x_wconf 68' lang='lat' dir='ltr'>diligentia</span> <span class='ocrx_word' id='word_1_32' title='bbox 561 776 725 849; x_wconf 84' lang='lat' dir='ltr'>comparet,</span> <span class='ocrx_word' id='word_1_33' title='bbox 740 771 826 832; x_wconf 88' lang='lat' dir='ltr'>nulla</span> <span class='ocrx_word' id='word_1_34' title='bbox 840 771 987 832; x_wconf 89' lang='lat' dir='ltr'>doctrina.</span> 
     </span>
     <span class='ocr_line' id='line_1_6' title="bbox 121 862 1039 944; baseline -0.005 -18"><span class='ocrx_word' id='word_1_35' title='bbox 121 867 222 944; x_wconf 87' lang='lat' dir='ltr'>Hujus</span> <span class='ocrx_word' id='word_1_36' title='bbox 236 865 274 926; x_wconf 97' lang='lat' dir='ltr'>de</span> <span class='ocrx_word' id='word_1_37' title='bbox 291 865 355 925; x_wconf 88' lang='lat' dir='ltr'>vita</span> <span class='ocrx_word' id='word_1_38' title='bbox 370 870 401 925; x_wconf 90' lang='lat' dir='ltr'>et</span> <span class='ocrx_word' id='word_1_39' title='bbox 415 863 551 924; x_wconf 82' lang='lat' dir='ltr'>moribus</span> <span class='ocrx_word' id='word_1_40' title='bbox 567 862 654 940; x_wconf 87' lang='lat' dir='ltr'>plura</span> <span class='ocrx_word' id='word_1_41' title='bbox 671 862 702 922; x_wconf 90' lang='lat' dir='ltr'>in</span> <span class='ocrx_word' id='word_1_42' title='bbox 717 882 753 924; x_wconf 88' lang='lat' dir='ltr'>eo</span> <span class='ocrx_word' id='word_1_43' title='bbox 766 864 845 925; x_wconf 86' lang='lat' dir='ltr'>lituo</span> <span class='ocrx_word' id='word_1_44' title='bbox 859 866 1008 944; x_wconf 76' lang='lat' dir='ltr'>persecuti</span> <span class='ocrx_word' id='word_1_45' title='bbox 1023 874 1039 921; x_wconf 75' lang='grc'><strong>5</strong></span> 
     </span>
     <span class='ocr_line' id='line_1_7' title="bbox 81 956 1011 1042; baseline -0.003 -20"><span class='ocrx_word' id='word_1_46' title='bbox 81 979 190 1022; x_wconf 90' lang='lat' dir='ltr'>sumus</span> <span class='ocrx_word' id='word_1_47' title='bbox 202 977 296 1039; x_wconf 89' lang='lat' dir='ltr'>quem</span> <span class='ocrx_word' id='word_1_48' title='bbox 316 958 477 1038; x_wconf 88' lang='lat' dir='ltr'>separatim</span> <span class='ocrx_word' id='word_1_49' title='bbox 492 957 529 1016; x_wconf 92' lang='lat' dir='ltr'>de</span> <span class='ocrx_word' id='word_1_50' title='bbox 549 975 584 1016; x_wconf 93' lang='lat' dir='ltr'>eo</span> <span class='ocrx_word' id='word_1_51' title='bbox 600 956 849 1036; x_wconf 82' lang='lat' dir='ltr'>fecimus,rogotu</span> <span class='ocrx_word' id='word_1_52' title='bbox 869 962 903 1020; x_wconf 89' lang='lat' dir='ltr'>T.</span> <span class='ocrx_word' id='word_1_53' title='bbox 915 960 1011 1042; x_wconf 25' lang='lat' dir='ltr'>„Pom-</span> 
     </span>
    </p>
   </div>
   <div class='ocr_carea' id='block_1_3' title="bbox 81 1051 1009 1226">
    <p class='ocr_par' dir='ltr' id='par_1_3' title="bbox 81 1051 1009 1226">
     <span class='ocr_line' id='line_1_8' title="bbox 81 1051 1009 1132; baseline 0.003 -19"><span class='ocrx_word' id='word_1_54' title='bbox 81 1053 164 1132; x_wconf 90' lang='lat' dir='ltr'>ponii</span> <span class='ocrx_word' id='word_1_55' title='bbox 179 1052 281 1114; x_wconf 83' lang='lat' dir='ltr'>Attici.</span> <span class='ocrx_word' id='word_1_56' title='bbox 297 1054 396 1125; x_wconf 82' lang='lat' dir='ltr'>Quare</span> <span class='ocrx_word' id='word_1_57' title='bbox 410 1052 559 1114; x_wconf 90' lang='lat' dir='ltr'>studiosos</span> <span class='ocrx_word' id='word_1_58' title='bbox 577 1051 697 1112; x_wconf 87' lang='lat' dir='ltr'>Catonis</span> <span class='ocrx_word' id='word_1_59' title='bbox 712 1052 750 1112; x_wconf 92' lang='lat' dir='ltr'>ad</span> <span class='ocrx_word' id='word_1_60' title='bbox 768 1052 845 1112; x_wconf 92' lang='lat' dir='ltr'>illud</span> <span class='ocrx_word' id='word_1_61' title='bbox 867 1055 1009 1115; x_wconf 84' lang='lat' dir='ltr'>volumen</span> 
     </span>
     <span class='ocr_line' id='line_1_9' title="bbox 81 1147 270 1226; baseline 0 -18"><span class='ocrx_word' id='word_1_62' title='bbox 81 1147 270 1226; x_wconf 85' lang='lat' dir='ltr'>delegamus.</span> 
     </span>
    </p>
   </div>
   <div class='ocr_carea' id='block_1_4' title="bbox 431 1288 652 1345">
    <p class='ocr_par' dir='ltr' id='par_1_4' title="bbox 431 1288 652 1345">
     <span class='ocr_line' id='line_1_10' title="bbox 431 1288 652 1345; baseline 0.005 -1"><span class='ocrx_word' id='word_1_63' title='bbox 431 1289 468 1345; x_wconf 88' lang='lat'>11.</span> <span class='ocrx_word' id='word_1_64' title='bbox 492 1288 652 1345; x_wconf 78' lang='lat' dir='ltr'>ATTICUS.</span> 
     </span>
    </p>
   </div>
   <div class='ocr_carea' id='block_1_5' title="bbox 82 1440 1137 3753">
    <p class='ocr_par' dir='ltr' id='par_1_5' title="bbox 82 1440 1040 2822">
     <span class='ocr_line' id='line_1_11' title="bbox 126 1440 1037 1520; baseline 0.001 -20"><span class='ocrx_word' id='word_1_65' title='bbox 126 1443 154 1500; x_wconf 92' lang='grc' dir='ltr'>Ι.</span> <span class='ocrx_word' id='word_1_66' title='bbox 172 1443 207 1503; x_wconf 89' lang='grc' dir='ltr'>Τ.</span> <span class='ocrx_word' id='word_1_67' title='bbox 229 1443 401 1501; x_wconf 85' lang='lat' dir='ltr'>Ponroums</span> <span class='ocrx_word' id='word_1_68' title='bbox 422 1443 565 1511; x_wconf 82' lang='lat' dir='ltr'>Arrrcus,</span> <span class='ocrx_word' id='word_1_69' title='bbox 591 1441 629 1500; x_wconf 84' lang='lat' dir='ltr'>ab</span> <span class='ocrx_word' id='word_1_70' title='bbox 643 1440 758 1520; x_wconf 79' lang='lat' dir='ltr'>origine</span> <span class='ocrx_word' id='word_1_71' title='bbox 780 1440 888 1500; x_wconf 89' lang='lat' dir='ltr'>ultima</span> <span class='ocrx_word' id='word_1_72' title='bbox 908 1440 1037 1520; x_wconf 81' lang='lat' dir='ltr'>stirpis1</span> 
     </span>
     <span class='ocr_line' id='line_1_12' title="bbox 83 1534 1010 1614; baseline -0.001 -19"><span class='ocrx_word' id='word_1_73' title='bbox 83 1537 238 1596; x_wconf 83' lang='lat' dir='ltr'>Romanae</span> <span class='ocrx_word' id='word_1_74' title='bbox 262 1541 441 1613; x_wconf 86' lang='lat' dir='ltr'>generatus,</span> <span class='ocrx_word' id='word_1_75' title='bbox 459 1539 605 1611; x_wconf 89' lang='lat' dir='ltr'>perpetue</span> <span class='ocrx_word' id='word_1_76' title='bbox 629 1553 646 1593; x_wconf 92' lang='lat' dir='ltr'>a</span> <span class='ocrx_word' id='word_1_77' title='bbox 673 1534 839 1614; x_wconf 87' lang='lat' dir='ltr'>majoribus</span> <span class='ocrx_word' id='word_1_78' title='bbox 857 1541 1010 1614; x_wconf 89' lang='lat' dir='ltr'>acceptam</span> 
     </span>
     <span class='ocr_line' id='line_1_13' title="bbox 82 1623 1040 1707; baseline -0.004 -19"><span class='ocrx_word' id='word_1_79' title='bbox 82 1632 256 1707; x_wconf 78' lang='lat' dir='ltr'>equestrem</span> <span class='ocrx_word' id='word_1_80' title='bbox 268 1625 400 1687; x_wconf 85' lang='lat' dir='ltr'>obtinuit</span> <span class='ocrx_word' id='word_1_81' title='bbox 411 1623 601 1704; x_wconf 86' lang='lat' dir='ltr'>dignitatem.</span> <span class='ocrx_word' id='word_1_82' title='bbox 615 1627 705 1685; x_wconf 89' lang='lat' dir='ltr'>Patre</span> <span class='ocrx_word' id='word_1_83' title='bbox 719 1645 793 1685; x_wconf 89' lang='lat' dir='ltr'>usus</span> <span class='ocrx_word' id='word_1_84' title='bbox 808 1630 854 1686; x_wconf 89' lang='lat' dir='ltr'>est</span> <span class='ocrx_word' id='word_1_85' title='bbox 867 1625 1010 1704; x_wconf 85' lang='lat' dir='ltr'>diligente</span> <span class='ocrx_word' id='word_1_86' title='bbox 1025 1639 1040 1684; x_wconf 75' lang='lat' dir='ltr'>e</span> 
     </span>
     <span class='ocr_line' id='line_1_14' title="bbox 82 1717 1012 1797; baseline -0.001 -18"><span class='ocrx_word' id='word_1_87' title='bbox 82 1726 125 1790; x_wconf 89' lang='lat' dir='ltr'>et,</span> <span class='ocrx_word' id='word_1_88' title='bbox 146 1724 262 1780; x_wconf 85' lang='lat' dir='ltr'>ultum</span> <span class='ocrx_word' id='word_1_89' title='bbox 281 1724 534 1796; x_wconf 86' lang='lat' dir='ltr'>eranttempora‚</span> <span class='ocrx_word' id='word_1_90' title='bbox 554 1717 626 1790; x_wconf 90' lang='lat' dir='ltr'>diti,</span> <span class='ocrx_word' id='word_1_91' title='bbox 646 1717 858 1797; x_wconf 89' lang='lat' dir='ltr'>inprimisque</span> <span class='ocrx_word' id='word_1_92' title='bbox 878 1718 1012 1778; x_wconf 89' lang='lat' dir='ltr'>studioso</span> 
     </span>
     <span class='ocr_line' id='line_1_15' title="bbox 83 1811 1011 1890; baseline -0.002 -18"><span class='ocrx_word' id='word_1_93' title='bbox 83 1813 266 1872; x_wconf 82' lang='lat' dir='ltr'>litterarum.</span> <span class='ocrx_word' id='word_1_94' title='bbox 291 1811 470 1890; x_wconf 86' lang='lat' dir='ltr'>Hie,p1·out</span> <span class='ocrx_word' id='word_1_95' title='bbox 493 1811 556 1889; x_wconf 91' lang='lat' dir='ltr'>ipse</span> <span class='ocrx_word' id='word_1_96' title='bbox 580 1811 701 1871; x_wconf 87' lang='lat' dir='ltr'>amabat</span> <span class='ocrx_word' id='word_1_97' title='bbox 719 1811 849 1883; x_wconf 83' lang='lat' dir='ltr'>litteras,</span> <span class='ocrx_word' id='word_1_98' title='bbox 869 1811 1011 1871; x_wconf 86' lang='lat' dir='ltr'>omnibus</span> 
     </span>
     <span class='ocr_line' id='line_1_16' title="bbox 83 1902 1009 1986; baseline -0.003 -21"><span class='ocrx_word' id='word_1_99' title='bbox 83 1905 229 1986; x_wconf 75' lang='lat' dir='ltr'>doctrinis</span> <span class='ocrx_word' id='word_1_100' title='bbox 242 1905 353 1982; x_wconf 86' lang='lat' dir='ltr'>quibus</span> <span class='ocrx_word' id='word_1_101' title='bbox 368 1903 493 1982; x_wconf 88' lang='lat' dir='ltr'>puerilis</span> <span class='ocrx_word' id='word_1_102' title='bbox 513 1908 594 1963; x_wconf 90' lang='lat' dir='ltr'>aetas</span> <span class='ocrx_word' id='word_1_103' title='bbox 616 1902 763 1981; x_wconf 85' lang='lat' dir='ltr'>impertiri</span> <span class='ocrx_word' id='word_1_104' title='bbox 783 1904 894 1976; x_wconf 87' lang='lat' dir='ltr'>dehet,</span> <span class='ocrx_word' id='word_1_105' title='bbox 910 1903 1009 1963; x_wconf 91' lang='lat' dir='ltr'>filium</span> 
     </span>
     <span class='ocr_line' id='line_1_17' title="bbox 82 1997 1037 2075; baseline -0.001 -16"><span class='ocrx_word' id='word_1_106' title='bbox 82 1999 228 2060; x_wconf 85' lang='lat' dir='ltr'>erudivit.</span> <span class='ocrx_word' id='word_1_107' title='bbox 244 2000 316 2058; x_wconf 85' lang='lat' dir='ltr'>Erat</span> <span class='ocrx_word' id='word_1_108' title='bbox 335 2004 438 2057; x_wconf 84' lang='lat' dir='ltr'>autem</span> <span class='ocrx_word' id='word_1_109' title='bbox 453 1997 483 2056; x_wconf 88' lang='lat' dir='ltr'>in</span> <span class='ocrx_word' id='word_1_110' title='bbox 494 2002 720 2075; x_wconf 81' lang='lat' dir='ltr'>pueropraeter</span> <span class='ocrx_word' id='word_1_111' title='bbox 730 1997 912 2059; x_wconf 83' lang='lat' dir='ltr'>docilitatem</span> <span class='ocrx_word' id='word_1_112' title='bbox 924 1998 1009 2075; x_wconf 84' lang='lat' dir='ltr'>inge·</span> <span class='ocrx_word' id='word_1_113' title='bbox 1022 2004 1037 2050; x_wconf 84' lang='lat'>5</span> 
     </span>
     <span class='ocr_line' id='line_1_18' title="bbox 82 2090 1009 2169; baseline 0.001 -17"><span class='ocrx_word' id='word_1_114' title='bbox 82 2094 263 2164; x_wconf 83' lang='lat' dir='ltr'>nii,summa</span> <span class='ocrx_word' id='word_1_115' title='bbox 280 2091 413 2153; x_wconf 89' lang='lat' dir='ltr'>suavitas</span> <span class='ocrx_word' id='word_1_116' title='bbox 427 2090 488 2151; x_wconf 92' lang='lat' dir='ltr'>oris</span> <span class='ocrx_word' id='word_1_117' title='bbox 501 2098 592 2169; x_wconf 90' lang='lat' dir='ltr'>atque</span> <span class='ocrx_word' id='word_1_118' title='bbox 606 2091 704 2163; x_wconf 88' lang='lat' dir='ltr'>vocis,</span> <span class='ocrx_word' id='word_1_119' title='bbox 719 2099 754 2152; x_wconf 90' lang='lat' dir='ltr'>ut</span> <span class='ocrx_word' id='word_1_120' title='bbox 768 2111 829 2153; x_wconf 91' lang='lat' dir='ltr'>non</span> <span class='ocrx_word' id='word_1_121' title='bbox 843 2093 941 2153; x_wconf 90' lang='lat' dir='ltr'>selum</span> <span class='ocrx_word' id='word_1_122' title='bbox 960 2112 1009 2155; x_wconf 91' lang='lat' dir='ltr'>cc-</span> 
     </span>
     <span class='ocr_line' id='line_1_19' title="bbox 82 2184 1010 2263; baseline 0.001 -17"><span class='ocrx_word' id='word_1_123' title='bbox 82 2189 188 2247; x_wconf 89' lang='lat' dir='ltr'>leriter</span> <span class='ocrx_word' id='word_1_124' title='bbox 202 2185 350 2263; x_wconf 87' lang='lat' dir='ltr'>acciperet</span> <span class='ocrx_word' id='word_1_125' title='bbox 364 2203 442 2262; x_wconf 83' lang='lat' dir='ltr'>quae</span> <span class='ocrx_word' id='word_1_126' title='bbox 460 2184 673 2255; x_wconf 86' lang='lat' dir='ltr'>tradebantur,</span> <span class='ocrx_word' id='word_1_127' title='bbox 689 2184 846 2246; x_wconf 85' lang='lat' dir='ltr'>sedetiam</span> <span class='ocrx_word' id='word_1_128' title='bbox 861 2188 1010 2247; x_wconf 87' lang='lat' dir='ltr'>excellen-</span> 
     </span>
     <span class='ocr_line' id='line_1_20' title="bbox 85 2279 1011 2360; baseline -0.002 -20"><span class='ocrx_word' id='word_1_129' title='bbox 85 2287 131 2342; x_wconf 91' lang='lat' dir='ltr'>ter</span> <span class='ocrx_word' id='word_1_130' title='bbox 154 2279 376 2360; x_wconf 86' lang='lat' dir='ltr'>pronuntiaret.</span> <span class='ocrx_word' id='word_1_131' title='bbox 401 2279 467 2350; x_wconf 80' lang='lat' dir='ltr'>Qua</span> <span class='ocrx_word' id='word_1_132' title='bbox 487 2297 524 2338; x_wconf 77' lang='lat' dir='ltr'>cx</span> <span class='ocrx_word' id='word_1_133' title='bbox 543 2297 577 2338; x_wconf 92' lang='lat' dir='ltr'>re</span> <span class='ocrx_word' id='word_1_134' title='bbox 600 2279 630 2337; x_wconf 92' lang='lat' dir='ltr'>in</span> <span class='ocrx_word' id='word_1_135' title='bbox 644 2279 780 2357; x_wconf 70' lang='lat' dir='ltr'>‘pueritia</span> <span class='ocrx_word' id='word_1_136' title='bbox 799 2280 909 2341; x_wconf 85' lang='lat' dir='ltr'>nobilis</span> <span class='ocrx_word' id='word_1_137' title='bbox 930 2280 1011 2341; x_wconf 88' lang='lat' dir='ltr'>inter</span> 
     </span>
     <span class='ocr_line' id='line_1_21' title="bbox 83 2372 1010 2454; baseline 0.001 -20"><span class='ocrx_word' id='word_1_138' title='bbox 83 2374 226 2453; x_wconf 85' lang='lat' dir='ltr'>aequales</span> <span class='ocrx_word' id='word_1_139' title='bbox 245 2373 419 2444; x_wconf 85' lang='lat' dir='ltr'>ferebatur,</span> <span class='ocrx_word' id='word_1_140' title='bbox 437 2372 606 2450; x_wconf 81' lang='lat' dir='ltr'>clariusque</span> <span class='ocrx_word' id='word_1_141' title='bbox 633 2373 897 2451; x_wconf 82' lang='lat' dir='ltr'>exsplendescebat</span> <span class='ocrx_word' id='word_1_142' title='bbox 918 2395 1010 2454; x_wconf 87' lang='lat' dir='ltr'>quam</span> 
     </span>
     <span class='ocr_line' id='line_1_22' title="bbox 83 2465 1039 2545; baseline 0.001 -19"><span class='ocrx_word' id='word_1_143' title='bbox 83 2465 223 2544; x_wconf 88' lang='lat' dir='ltr'>generosi</span> <span class='ocrx_word' id='word_1_144' title='bbox 238 2465 434 2544; x_wconf 85' lang='lat' dir='ltr'>condiscipuli</span> <span class='ocrx_word' id='word_1_145' title='bbox 449 2467 551 2525; x_wconf 88' lang='lat' dir='ltr'>animo</span> <span class='ocrx_word' id='word_1_146' title='bbox 563 2484 659 2544; x_wconf 90' lang='lat' dir='ltr'>aequo</span> <span class='ocrx_word' id='word_1_147' title='bbox 671 2467 748 2526; x_wconf 88' lang='lat' dir='ltr'>ferre</span> <span class='ocrx_word' id='word_1_148' title='bbox 761 2473 891 2545; x_wconf 90' lang='lat' dir='ltr'>possent.</span> <span class='ocrx_word' id='word_1_149' title='bbox 904 2469 1009 2545; x_wconf 89' lang='lat' dir='ltr'>ltaque</span> <span class='ocrx_word' id='word_1_150' title='bbox 1023 2493 1039 2536; x_wconf 69' lang='lat'>4</span> 
     </span>
     <span class='ocr_line' id='line_1_23' title="bbox 85 2557 1007 2635; baseline 0.007 -19"><span class='ocrx_word' id='word_1_151' title='bbox 85 2557 231 2618; x_wconf 87' lang='lat' dir='ltr'>incitabat</span> <span class='ocrx_word' id='word_1_152' title='bbox 241 2576 347 2618; x_wconf 88' lang='lat' dir='ltr'>omnes</span> <span class='ocrx_word' id='word_1_153' title='bbox 365 2558 465 2618; x_wconf 89' lang='lat' dir='ltr'>studio</span> <span class='ocrx_word' id='word_1_154' title='bbox 479 2577 544 2618; x_wconf 90' lang='lat' dir='ltr'>suc.</span> <span class='ocrx_word' id='word_1_155' title='bbox 564 2558 629 2628; x_wconf 81' lang='lat' dir='ltr'>Quo</span> <span class='ocrx_word' id='word_1_156' title='bbox 644 2557 675 2616; x_wconf 91' lang='lat' dir='ltr'>in</span> <span class='ocrx_word' id='word_1_157' title='bbox 695 2577 823 2635; x_wconf 90' lang='lat' dir='ltr'>numero</span> <span class='ocrx_word' id='word_1_158' title='bbox 837 2561 962 2621; x_wconf 85' lang='lat' dir='ltr'>luerunt</span> <span class='ocrx_word' id='word_1_159' title='bbox 975 2564 1007 2622; x_wconf 89' lang='lat' dir='ltr'>L.</span> 
     </span>
     <span class='ocr_line' id='line_1_24' title="bbox 85 2649 1010 2734; baseline 0.005 -24"><span class='ocrx_word' id='word_1_160' title='bbox 85 2653 268 2729; x_wconf 79' lang='lat' dir='ltr'>Torquatus,</span> <span class='ocrx_word' id='word_1_161' title='bbox 292 2650 446 2734; x_wconf 85' lang='lat' dir='ltr'>C.Marius</span> <span class='ocrx_word' id='word_1_162' title='bbox 458 2650 551 2722; x_wconf 89' lang='lat' dir='ltr'>filius,</span> <span class='ocrx_word' id='word_1_163' title='bbox 564 2649 732 2723; x_wconf 84' lang='lat' dir='ltr'>M.Cieero;</span> <span class='ocrx_word' id='word_1_164' title='bbox 749 2671 825 2730; x_wconf 88' lang='lat' dir='ltr'>quos</span> <span class='ocrx_word' id='word_1_165' title='bbox 846 2661 1010 2716; x_wconf 92' lang='lat' dir='ltr'>consuetu-</span> 
     </span>
     <span class='ocr_line' id='line_1_25' title="bbox 85 2743 1008 2822; baseline 0.005 -18"><span class='ocrx_word' id='word_1_166' title='bbox 85 2744 155 2805; x_wconf 90' lang='lat' dir='ltr'>dine</span> <span class='ocrx_word' id='word_1_167' title='bbox 163 2762 220 2804; x_wconf 84' lang='lat' dir='ltr'>sue</span> <span class='ocrx_word' id='word_1_168' title='bbox 230 2743 272 2804; x_wconf 90' lang='lat' dir='ltr'>sic</span> <span class='ocrx_word' id='word_1_169' title='bbox 282 2743 473 2813; x_wconf 85' lang='lat' dir='ltr'>devinxit,ut</span> <span class='ocrx_word' id='word_1_170' title='bbox 481 2762 571 2803; x_wconf 89' lang='lat' dir='ltr'>nemo</span> <span class='ocrx_word' id='word_1_171' title='bbox 599 2743 791 2822; x_wconf 84' lang='lat' dir='ltr'>iisperpetuo</span> <span class='ocrx_word' id='word_1_172' title='bbox 803 2746 1008 2810; x_wconf 85' lang='lat' dir='ltr'>tueritearior.</span> 
     </span>
    </p>

    <p class='ocr_par' dir='ltr' id='par_1_6' title="bbox 85 2835 1137 3753">
     <span class='ocr_line' id='line_1_26' title="bbox 126 2835 1137 2919; baseline 0.006 -23"><span class='ocrx_word' id='word_1_173' title='bbox 126 2838 167 2896; x_wconf 72' lang='lat' dir='ltr'>e.</span> <span class='ocrx_word' id='word_1_174' title='bbox 181 2838 271 2896; x_wconf 85' lang='lat' dir='ltr'>Pater</span> <span class='ocrx_word' id='word_1_175' title='bbox 282 2840 400 2895; x_wconf 82' lang='lat' dir='ltr'>mature</span> <span class='ocrx_word' id='word_1_176' title='bbox 411 2835 548 2895; x_wconf 88' lang='lat' dir='ltr'>decessit.</span> <span class='ocrx_word' id='word_1_177' title='bbox 559 2835 624 2913; x_wconf 94' lang='lat' dir='ltr'>lpse</span> <span class='ocrx_word' id='word_1_178' title='bbox 636 2835 877 2898; x_wconf 86' lang='lat' dir='ltr'>adolescentulus</span> <span class='ocrx_word' id='word_1_179' title='bbox 888 2848 1010 2919; x_wconf 89' lang='lat' dir='ltr'>propter</span> <span class='ocrx_word' id='word_1_180' title='bbox 1024 2858 1036 2902; x_wconf 84' lang='lat' dir='ltr'>t</span> <span class='ocrx_word' id='word_1_181' title='bbox 1132 2863 1137 2872; x_wconf 88' lang='lat'>·</span> 
     </span>
     <span class='ocr_line' id='line_1_27' title="bbox 85 2926 1011 3006; baseline 0.006 -17"><span class='ocrx_word' id='word_1_182' title='bbox 85 2929 265 2991; x_wconf 79' lang='lat' dir='ltr'>affinitatem</span> <span class='ocrx_word' id='word_1_183' title='bbox 278 2930 321 3005; x_wconf 78' lang='grc' dir='ltr'>Ρ.</span> <span class='ocrx_word' id='word_1_184' title='bbox 338 2927 480 3006; x_wconf 86' lang='lat' dir='ltr'>Sulpicii,</span> <span class='ocrx_word' id='word_1_185' title='bbox 495 2926 549 3005; x_wconf 92' lang='lat' dir='ltr'>qui</span> <span class='ocrx_word' id='word_1_186' title='bbox 572 2927 716 2987; x_wconf 86' lang='lat' dir='ltr'>tribunus</span> <span class='ocrx_word' id='word_1_187' title='bbox 737 2927 817 3006; x_wconf 82' lang='lat' dir='ltr'>plebi</span> <span class='ocrx_word' id='word_1_188' title='bbox 835 2929 1011 2995; x_wconf 88' lang='lat' dir='ltr'>interfectus</span> 
     </span>
     <span class='ocr_line' id='line_1_28' title="bbox 86 3012 1052 3099; baseline 0.005 -16"><span class='ocrx_word' id='word_1_189' title='bbox 86 3029 129 3083; x_wconf 81' lang='lat' dir='ltr'>est</span> <span class='ocrx_word' id='word_1_190' title='bbox 138 3069 147 3095; x_wconf 89' lang='lat'>,</span> <span class='ocrx_word' id='word_1_191' title='bbox 156 3012 394 3099; x_wconf 76' lang='lat' dir='ltr'>nonexp&#39;ersluit</span> <span class='ocrx_word' id='word_1_192' title='bbox 404 3020 485 3080; x_wconf 90' lang='lat' dir='ltr'>illius</span> <span class='ocrx_word' id='word_1_193' title='bbox 494 3019 619 3098; x_wconf 89' lang='lat' dir='ltr'>periculi</span> <span class='ocrx_word' id='word_1_194' title='bbox 631 3037 779 3098; x_wconf 89' lang='lat' dir='ltr'>:namque</span> <span class='ocrx_word' id='word_1_195' title='bbox 790 3023 905 3096; x_wconf 86' lang='lat' dir='ltr'>Anicia,</span> <span class='ocrx_word' id='word_1_196' title='bbox 922 3029 1052 3093; x_wconf 75' lang='lat' dir='ltr'>Pom-88</span> 
     </span>
     <span class='ocr_line' id='line_1_29' title="bbox 88 3112 1038 3198; baseline 0.001 -23"><span class='ocrx_word' id='word_1_197' title='bbox 88 3114 168 3193; x_wconf 89' lang='lat' dir='ltr'>ponii</span> <span class='ocrx_word' id='word_1_198' title='bbox 178 3112 369 3185; x_wconf 87' lang='lat' dir='ltr'>consobrino,</span> <span class='ocrx_word' id='word_1_199' title='bbox 384 3117 525 3190; x_wconf 89' lang='lat' dir='ltr'>nupserat</span> <span class='ocrx_word' id='word_1_200' title='bbox 535 3113 650 3183; x_wconf 90' lang='lat' dir='ltr'>Servio,</span> <span class='ocrx_word' id='word_1_201' title='bbox 661 3112 746 3173; x_wconf 84' lang='lat' dir='ltr'>fratri</span> <span class='ocrx_word' id='word_1_202' title='bbox 757 3115 893 3194; x_wconf 86' lang='lat' dir='ltr'>Sulpicii.</span> <span class='ocrx_word' id='word_1_203' title='bbox 904 3121 1008 3198; x_wconf 78' lang='lat' dir='ltr'>ltatpre</span> <span class='ocrx_word' id='word_1_204' title='bbox 1023 3133 1038 3176; x_wconf 71' lang='lat' dir='ltr'>a</span> 
     </span>
     <span class='ocr_line' id='line_1_30' title="bbox 87 3205 1011 3285; baseline 0.01 -20"><span class='ocrx_word' id='word_1_205' title='bbox 87 3207 245 3268; x_wconf 81' lang='lat' dir='ltr'>interiecto</span> <span class='ocrx_word' id='word_1_206' title='bbox 258 3205 391 3285; x_wconf 88' lang='lat' dir='ltr'>Sulpicio</span> <span class='ocrx_word' id='word_1_207' title='bbox 411 3210 606 3284; x_wconf 88' lang='lat' dir='ltr'>posteaquam</span> <span class='ocrx_word' id='word_1_208' title='bbox 629 3205 704 3266; x_wconf 87' lang='lat' dir='ltr'>vidit</span> <span class='ocrx_word' id='word_1_209' title='bbox 720 3205 854 3268; x_wconf 87' lang='lat' dir='ltr'>Cinnano</span> <span class='ocrx_word' id='word_1_210' title='bbox 875 3216 1011 3274; x_wconf 86' lang='lat' dir='ltr'>tumultu</span> 
     </span>
     <span class='ocr_line' id='line_1_31' title="bbox 87 3297 1011 3376; baseline 0.009 -17"><span class='ocrx_word' id='word_1_211' title='bbox 87 3301 240 3360; x_wconf 79' lang='lat' dir='ltr'>civitatem</span> <span class='ocrx_word' id='word_1_212' title='bbox 251 3317 315 3360; x_wconf 90' lang='lat' dir='ltr'>esse</span> <span class='ocrx_word' id='word_1_213' title='bbox 330 3298 550 3376; x_wconf 84' lang='lat' dir='ltr'>perturbatam,</span> <span class='ocrx_word' id='word_1_214' title='bbox 565 3315 665 3375; x_wconf 87' lang='lat' dir='ltr'>neque</span> <span class='ocrx_word' id='word_1_215' title='bbox 684 3297 741 3358; x_wconf 86' lang='lat' dir='ltr'>sibi</span> <span class='ocrx_word' id='word_1_216' title='bbox 754 3298 818 3358; x_wconf 89' lang='lat' dir='ltr'>dari</span> <span class='ocrx_word' id='word_1_217' title='bbox 838 3301 1011 3367; x_wconf 66' lang='lat' dir='ltr'>neutralem</span> 
     </span>
     <span class='ocr_line' id='line_1_32' title="bbox 87 3390 1009 3472; baseline 0.008 -20"><span class='ocrx_word' id='word_1_218' title='bbox 87 3411 139 3471; x_wconf 90' lang='lat' dir='ltr'>pro</span> <span class='ocrx_word' id='word_1_219' title='bbox 150 3391 297 3472; x_wconf 86' lang='lat' dir='ltr'>dignitate</span> <span class='ocrx_word' id='word_1_220' title='bbox 307 3390 429 3450; x_wconf 87' lang='lat' dir='ltr'>vivendi</span> <span class='ocrx_word' id='word_1_221' title='bbox 442 3390 699 3467; x_wconf 78' lang='lat' dir='ltr'>quiuulterutram</span> <span class='ocrx_word' id='word_1_222' title='bbox 707 3394 821 3468; x_wconf 86' lang='lat' dir='ltr'>partem</span> <span class='ocrx_word' id='word_1_223' title='bbox 833 3393 1009 3472; x_wconf 80' lang='lat' dir='ltr'>offenderet,</span> 
     </span>
     <span class='ocr_line' id='line_1_33' title="bbox 88 3483 1012 3560; baseline -0.003 -15"><span class='ocrx_word' id='word_1_224' title='bbox 88 3485 373 3548; x_wconf 84' lang='lat' dir='ltr'>dissociatisauimis</span> <span class='ocrx_word' id='word_1_225' title='bbox 389 3483 519 3555; x_wconf 87' lang='lat' dir='ltr'>civium,</span> <span class='ocrx_word' id='word_1_226' title='bbox 537 3503 607 3543; x_wconf 88' lang='lat' dir='ltr'>eum</span> <span class='ocrx_word' id='word_1_227' title='bbox 625 3484 677 3546; x_wconf 89' lang='lat' dir='ltr'>alii</span> <span class='ocrx_word' id='word_1_228' title='bbox 696 3484 844 3560; x_wconf 74' lang='lat' dir='ltr'>Sullanis,</span> <span class='ocrx_word' id='word_1_229' title='bbox 869 3492 919 3551; x_wconf 91' lang='lat' dir='ltr'>alii</span> <span class='ocrx_word' id='word_1_230' title='bbox 945 3496 1012 3554; x_wconf 83' lang='lat' dir='ltr'>Cin.</span> 
     </span>
     <span class='ocr_line' id='line_1_34' title="bbox 89 3578 1012 3659; baseline 0.011 -21"><span class='ocrx_word' id='word_1_231' title='bbox 89 3581 173 3640; x_wconf 90' lang='lat' dir='ltr'>nauis</span> <span class='ocrx_word' id='word_1_232' title='bbox 193 3581 328 3640; x_wconf 83' lang='lat' dir='ltr'>faverent</span> <span class='ocrx_word' id='word_1_233' title='bbox 345 3578 494 3659; x_wconf 88' lang='lat' dir='ltr'>partibus,</span> <span class='ocrx_word' id='word_1_234' title='bbox 511 3579 655 3638; x_wconf 87' lang='lat' dir='ltr'>idoneum</span> <span class='ocrx_word' id='word_1_235' title='bbox 670 3585 791 3658; x_wconf 87' lang='lat' dir='ltr'>tempus</span> <span class='ocrx_word' id='word_1_236' title='bbox 807 3588 890 3644; x_wconf 90' lang='lat' dir='ltr'>ratus</span> <span class='ocrx_word' id='word_1_237' title='bbox 904 3589 1012 3649; x_wconf 87' lang='lat' dir='ltr'>studiis</span> 
     </span>
     <span class='ocr_line' id='line_1_35' title="bbox 89 3673 1052 3753; baseline 0.012 -20"><span class='ocrx_word' id='word_1_238' title='bbox 89 3673 273 3753; x_wconf 86' lang='lat' dir='ltr'>obsequendi</span> <span class='ocrx_word' id='word_1_239' title='bbox 292 3674 366 3747; x_wconf 88' lang='lat' dir='ltr'>suis,</span> <span class='ocrx_word' id='word_1_240' title='bbox 383 3674 515 3733; x_wconf 81' lang='lat' dir='ltr'>Athenas</span> <span class='ocrx_word' id='word_1_241' title='bbox 536 3692 567 3733; x_wconf 91' lang='lat' dir='ltr'>se</span> <span class='ocrx_word' id='word_1_242' title='bbox 582 3674 720 3733; x_wconf 89' lang='lat' dir='ltr'>eontulit.</span> <span class='ocrx_word' id='word_1_243' title='bbox 742 3675 844 3752; x_wconf 88' lang='lat' dir='ltr'>Neque</span> <span class='ocrx_word' id='word_1_244' title='bbox 861 3696 896 3737; x_wconf 90' lang='lat' dir='ltr'>eo</span> <span class='ocrx_word' id='word_1_245' title='bbox 913 3682 1052 3745; x_wconf 74' lang='lat' dir='ltr'>sceiueSss</span> 
     </span>
    </p>
   </div>
   <div class='ocr_carea' id='block_1_6' title="bbox 0 0 1233 4110">
    <p class='ocr_par' dir='ltr' id='par_1_7' title="bbox 0 0 1233 4110">
     <span class='ocr_line' id='line_1_36' title="bbox 0 0 1233 4110; baseline 0 0"><span class='ocrx_word' id='word_1_246' title='bbox 0 0 1233 4110; x_wconf 95' lang='lat' dir='ltr'> </span> 
     </span>
    </p>
   </div>
  </div>
 </body>
</html>
