2430 4110
427 110 514 161 XXlll.
536 110 705 160 flsnntnxl.
724 112 748 162 8.
767 111 791 160 9.
1043 114 1076 163 na

184 210 269 269 §.At
279 210 430 271 Hannibal
439 230 519 273 anno
528 214 782 293 tertiopostquam
793 215 883 275 domo
892 218 1075 297 profugerat,
1092 236 1104 282 r

141 305 175 362 L.
190 303 329 364 Comelio
340 305 375 376 0.
389 305 523 366 Minucio
537 308 729 380 consulibus,
749 327 819 368 eum
843 309 979 387 quinque
991 311 1078 370 navi·
1091 317 1143 379 191

139 399 200 458 bus
217 400 350 460 Africum
362 401 487 462 occessit
503 402 535 462 in
555 403 670 464 finibus
692 406 939 483 Cyrenaeorum,
955 406 979 466 si
1001 408 1077 468 forte

140 491 404 571 Carthaginienses
419 494 457 553 ad
475 494 591 554 bellum
606 497 744 556 Antiochi
767 516 819 576 spe
843 497 1015 577 fiduciaque
1030 500 1077 558 in-

141 589 253 650 ducere
265 594 380 667 posset,
407 591 455 649 cni
477 591 540 668 jam
553 599 743 670 persuaserat
759 599 792 652 ut
809 612 879 652 curn
895 594 1077 654 exercitibus

142 680 172 746 in
187 683 305 744 ltaliam
321 683 576 762 proficisceretur.
592 688 659 746 Huc
678 688 839 766 Magonem
855 689 980 748 fratrem
995 688 1076 748 exei-

141 778 195 837 rit.
218 777 253 837 ld
277 777 330 836 ubi
344 764 450 838 ‘Poeni
469 778 679 853 resciverunt,
702 782 863 861 Magonem
890 783 996 843 eadem
1013 803 1072 863 qur
1091 797 1103 840 a

141 871 284 941 fratrem,
313 870 470 930 absentem
499 871 666 933 all'eeerunt
693 892 801 952 poena.
831 874 879 934 Illi
909 874 1074 953 desperatis

141 965 234 1022 rebus
255 981 326 1022 enm
355 963 514 1023 solvissent
536 982 630 1025 naves
648 985 683 1025 ac
699 966 765 1026 vela
787 968 886 1027 ventis
901 967 1073 1038 dedissent,

145 1054 295 1114 Hannibal
310 1054 346 1113 ad
366 1056 550 1115 Antiochum
565 1059 715 1135 pervenit.
737 1061 779 1118 De
799 1060 934 1137 Magonis
950 1060 1075 1119 interitu

141 1148 252 1227 duplex
266 1148 412 1207 memoria
424 1148 542 1226 prodita
553 1155 609 1208 est.
627 1152 763 1229 Namque
775 1151 825 1210 alii
839 1153 1011 1230 naufragio,
1024 1154 1073 1212 alii

141 1258 157 1298 a
169 1238 299 1299 servulis
311 1239 405 1317 ipsius
418 1239 425 1296 i
430 1240 612 1299 nterlectnm
624 1260 695 1301 eum
707 1243 854 1321 scriptum
870 1243 1071 1321 reliquerunt.

142 1333 309 1391 Antiochus
323 1337 438 1404 aulem,
455 1332 479 1391 si
495 1339 555 1392 tam
565 1333 597 1394 in
609 1335 743 1414 ger-cudo
768 1336 846 1395 bello
860 1336 993 1397 consiliis
1006 1339 1072 1416 ejus
1086 1359 1101 1404 5

141 1447 245 1506 parere
262 1428 404 1487 voluisset
421 1448 513 1506 quam
533 1429 565 1487 in
585 1431 777 1509 suscipiendo
798 1432 988 1501 instituerat,
1002 1451 1074 1510 pro-

142 1524 209 1601 pius
224 1521 325 1582 'liberi
340 1541 435 1599 qnam
449 1523 661 1602 Thermopylis
673 1525 710 1584 de
723 1545 842 1585 summa
855 1525 974 1602 imperii
988 1525 1075 1585 dimi·
1087 1535 1096 1590 ζ
1106 1537 1142 1594 91

141 1620 247 1674 casset.
274 1614 370 1684 Quem
388 1614 442 1674 etsi
466 1617 563 1674 multa
582 1617 674 1676 stulte
690 1618 791 1677 conari
814 1618 933 1677 videbat
948 1663 954 1688 ,
971 1622 1072 1676 tamen

141 1711 226 1769 nulla
247 1709 380 1768 deseruit
399 1709 430 1766 in
452 1727 495 1767 re.
513 1709 648 1769 Praeluit
664 1710 767 1788 paucis
781 1711 922 1781 navibus,
944 1728 1019 1787 quas
1034 1727 1100 1770 exe

141 1805 227 1884 Syria
249 1806 353 1882 jussus
374 1811 438 1864 crat
471 1805 502 1862 in
523 1804 624 1863 Asiam
646 1804 778 1876 ducere,
807 1805 903 1883 iisque
928 1804 1073 1864 adversus

143 1899 331 1958 Rhodiorum
349 1896 473 1956 classem
496 1897 527 1955 in
542 1897 723 1974 Pamphylio
747 1898 823 1955 mari
844 1896 991 1956 conssixit.
1008 1898 1073 1966 Quo
1088 1910 1144 1969 190

141 2011 211 2051 cum
226 1989 423 2050 multitudine
438 1989 679 2048 adversariorum
698 1989 744 2047 sui
760 1995 988 2068 superarentur,
1002 1989 1064 2068 ipse

141 2105 200 2164 quo
216 2103 309 2144 cornu
325 2102 390 2142 rem
405 2083 494 2160 gessit
511 2082 567 2141 luit
580 2082 727 2161 superior.

181 2181 222 2237 9.
241 2176 388 2237 Antiocho
403 2177 525 2254 fugato,
542 2195 650 2235 verens
664 2195 702 2236 ne
717 2175 889 2245 dederetur,
905 2174 987 2251 quod
1001 2175 1065 2232 siue
1084 2191 1096 2234 r

141 2272 234 2331 dubio
249 2270 423 2340 accidisset,
449 2269 534 2328 sisui
553 2269 669 2327 lecisset
692 2272 882 2345 potestatem,
900 2267 1018 2325 Cretam
1032 2267 1070 2322 ad

142 2365 304 2444 Gortynios
323 2363 417 2432 veuit,
441 2368 473 2420 ut
498 2362 614 2439 ibi‚quo
629 2381 660 2421 se
682 2359 1067 2424 conferret‚consideraret

140 2458 221 2517 Vidit
248 2461 351 2516 autem
379 2456 426 2515 vir
462 2457 600 2515 omnium
639 2453 851 2513 callidissimus
891 2470 1002 2531 magno
1034 2461 1096 2511 sea

151 2552 213 2610 sore
236 2549 388 2627 periculo,
414 2548 472 2607 uisi
487 2548 561 2625 qnid
573 2547 762 2625 providisset,
777 2552 899 2624 propter
912 2545 1068 2604 avaritiam

140 2644 343 2705 Cretensium.
367 2643 508 2720 Magnam
520 2642 603 2701 enim
624 2659 727 2699 secum
743 2640 902 2717 pecuniam
919 2639 1068 2716 portabat,

142 2739 178 2798 de
187 2758 246 2816 qna
258 2737 368 2796 sciebat
377 2736 471 2795 exisse
482 2736 605 2794 lamam.
621 2735 726 2811 ltaque
737 2732 814 2810 capit
823 2733 882 2791 tale
894 2731 1065 2790 consilium.
1081 2747 1097 2792 s

142 2833 309 2910 Amphor-as
324 2830 494 2908 complures
514 2829 644 2906 complet
660 2827 796 2906 plumbo,
817 2845 953 2887 summas
973 2825 1070 2904 operit

140 2943 214 2985 auro
226 2931 253 2984 el
274 2930 410 3002 argento.
429 2924 489 2981 Has
509 2920 720 3000 praesentibus
740 2919 927 2998 principibus
946 2918 1069 2995 deponit

141 3018 168 3076 in
192 3021 305 3096 templo
327 3017 456 3086 Dianae,
482 3014 630 3073 simulans
645 3031 676 3072 se
694 3030 764 3071 suas
788 3013 924 3070 fortunus
946 3011 1068 3069 illorum

139 3113 209 3174 fidei
224 3113 356 3173 credere.
378 3111 430 3170 His
451 3109 483 3169 in
499 3127 632 3169 errorem
642 3109 789 3178 induetis,
806 3113 921 3166 statuas
943 3113 1065 3178 uertens,

137 3224 323 3285 quassecnm
336 3203 485 3283 portabat,
501 3201 585 3261 omni
596 3220 652 3260 sua
665 3201 793 3280 pecunia
804 3200 945 3277 complet,
956 3216 1066 3275 easque

137 3299 168 3359 in
188 3293 348 3380 pro'patulo
379 3297 460 3357 domi
483 3295 598 3374 abjicit.
622 3293 762 3373 Gortynii
783 3293 930 3370 templum
956 3308 1066 3367 magna

136 3412 210 3454 cura
234 3391 426 3459 custodiunt,
456 3409 516 3450 nou
543 3392 607 3449 tuni
632 3407 648 3446 a
673 3387 781 3447 ceteris
803 3403 895 3466 quum
920 3384 959 3442 ab
981 3384 1063 3442 Hun-

1109 3483 1126 3540 7
