2430 4110
218 356 266 407 nn
527 360 559 409 ll.
579 359 724 412 atticus.
745 361 785 412 l8.
806 358 846 410 tb.

186 478 203 531 5
216 457 386 536 dulgentia,
405 464 440 520 ut
454 478 529 537 quos
541 481 644 522 amare
661 462 791 522 deberet
805 458 893 522 irasci
906 459 951 521 cis
963 461 1053 523 netas
1065 458 1157 520 ducc-

215 559 274 615 ret.
295 557 399 633 Neque
413 554 442 615 id
460 556 533 616 tecit
544 562 657 617 natura
673 557 786 631 solum,
800 574 990 636 quamquam
1003 573 1115 618 omnes
1128 553 1156 616 ei

215 664 372 726 paremus,
392 649 446 710 scd
461 649 556 711 etiam
568 649 725 710 doctrina:
738 669 812 710 nam
827 649 1006 728 principum
1019 648 1157 730 philoso-

214 742 349 822 phorum
364 742 407 803 ita
422 747 567 822 percepta
581 742 692 804 habuit
707 748 933 821 praeoptant
949 740 987 803 iis
1002 739 1153 804 advitam

214 837 379 914 agendam,
397 855 459 896 non
477 836 516 897 ad
532 835 773 898 ostentationem
788 841 940 897 uteretur.

186 954 198 1007 q
255 933 314 989 18.
326 928 418 989 Moris
434 929 527 989 etiam
542 929 697 1007 majorum
713 947 855 990 summus
868 927 1007 990 imitator
1026 926 1087 988 luit
1099 947 1154 990 an·

214 1023 427 1102 tiquitatisque
443 1029 578 1097 amator;
596 1042 689 1103 quam
704 1023 780 1085 adeo
797 1023 966 1103 diligenter
981 1022 1094 1084 habuit
1108 1040 1154 1084 co-

213 1117 344 1195 gnitam,
361 1122 397 1177 ut
415 1136 485 1178 earn
500 1123 596 1179 totam
612 1116 644 1177 in
663 1136 700 1180 eo
719 1117 877 1179 volumine
897 1116 1078 1196 exposuerit
1092 1135 1151 1196 quo

185 1239 201 1292 2
214 1211 413 1289 magistratus
426 1212 690 1274 ordinaritNulla
700 1211 784 1273 enim
796 1212 846 1273 lex
855 1231 955 1292 neque
969 1228 1151 1291 parmaque

212 1303 329 1365 bellum
342 1325 444 1385 neque
459 1325 509 1366 res
521 1305 651 1366 illustris
662 1311 710 1367 est
723 1305 828 1384 populi
840 1304 983 1377 Romani,
997 1323 1077 1384 quae
1089 1322 1151 1366 non

213 1399 245 1456 in
272 1417 307 1458 eo
327 1417 383 1459 suo
408 1404 548 1478 tempore
568 1399 609 1459 sit
632 1395 749 1470 notata,
765 1403 807 1471 et,
824 1397 906 1477 quod
930 1397 1151 1459 difficillimum

213 1481 281 1563 ruit,
300 1491 343 1551 sic
358 1491 546 1553 familiarum
559 1491 711 1575 originem
725 1493 895 1566 subtexuit,
908 1496 944 1552 ut
955 1510 993 1553 ex
1005 1509 1042 1553 eo
1054 1490 1150 1552 claro·

183 1605 281 1662 5rum
298 1586 436 1647 virorum
462 1588 648 1667 propagines
674 1588 829 1667 possimus
852 1604 1048 1666 cognoscere.
1066 1586 1152 1650 Fecit

215 1684 270 1742 hoc
285 1683 368 1744 idem
381 1685 549 1764 separatim
564 1685 597 1744 in
613 1684 681 1744 aliis
696 1683 803 1744 libris:
822 1688 857 1743 ut
870 1684 913 1744 M.
933 1683 1023 1744 Bruti
1040 1686 1151 1762 rogatu

211 1777 335 1836 Juniarn
353 1777 502 1838 familiam
517 1797 534 1838 a
550 1778 647 1856 stirpe
662 1776 702 1837 ad
713 1778 794 1837 hanc
807 1780 942 1836 aetatem
954 1775 1064 1837 ordine
1077 1794 1152 1838 cnu-

212 1870 355 1941 mcravit‚
371 1876 482 1930 notans
497 1870 550 1949 qui
571 1890 589 1930 a
605 1874 726 1949 quoque
743 1874 829 1929 ortus
844 1886 921 1947 quos
936 1870 1070 1931 honores
1086 1868 1152 1948 qui·

181 2004 199 2053 4
212 1964 760 2045 busquetemporibuscepisset3pari
772 1965 863 2024 modo
876 1962 1149 2037 lllarcclliClaudii,

211 2061 443 2132 Marcellorum3
454 2058 605 2139 Scipionis
614 2059 747 2119 Cornelii
762 2063 793 2120 et
801 2058 887 2120 Fabii
894 2056 1152 2132 Maximi,Fabio-

211 2176 279 2216 rum
293 2162 324 2216 et
340 2155 551 2217 Aemiliorum.
566 2155 684 2226 Quibus
697 2154 785 2215 libris
797 2153 875 2214 nihil
887 2158 988 2232 potest
1002 2172 1071 2216 esse
1083 2152 1152 2215 dul·

210 2251 276 2309 cius
292 2250 329 2308 iis
345 2247 397 2326 qui
415 2248 550 2326 aliquam
564 2247 767 2327 cupiditatem
782 2248 900 2309 habent
911 2247 1039 2309 notitiae
1055 2243 1152 2310 claro-

182 2363 281 2414 arum
296 2343 445 2404 virorum.
462 2342 574 2421 Attigit
597 2361 718 2421 quoque
742 2343 907 2422 poeticam,
924 2342 1083 2405 credimus
1109 2363 1149 2406 ne

213 2439 281 2517 ejus
296 2455 406 2516 expers
421 2443 504 2497 esset
519 2435 692 2497 suavitatis
718 2438 795 2498 Nam
811 2437 850 2497 dc
871 2436 946 2498 viris
962 2435 1015 2513 qui
1031 2437 1150 2498 honore

213 2550 381 2609 rerumque
416 2536 574 2608 gestarum
610 2530 815 2610 amplitudine
859 2535 978 2591 ceteros
1017 2531 1150 2592 Romani

183 2624 316 2701 apopuli
334 2623 568 2701 praestiterunt,
582 2624 725 2702 exposuit
746 2624 800 2697 ita,
818 2631 854 2685 ut
868 2621 927 2686 sub
951 2623 1151 2703 singulorum

213 2716 403 2794 imaginibus
418 2716 498 2775 facta
519 2716 780 2795 magistratusque
800 2735 909 2778 eorum
925 2735 988 2777 non
1014 2717 1151 2796 amplius

214 2810 374 2889 quaternis
405 2809 569 2888 quinisque
589 2810 732 2872 versibus
759 2810 974 2889 descripserim
992 2810 1075 2889 quod
1098 2811 1151 2872 rix

213 2905 404 2966 credendum
418 2905 459 2965 sit
474 2909 578 2965 tantas
593 2924 642 2966 res
664 2912 728 2966 tam
743 2905 881 2967 breviter
894 2903 1031 2983 potuisse
1046 2905 1152 2966 decla-

213 3001 286 3060 rari.
306 3003 358 3060 Est
373 3000 464 3060 etiarn
490 3020 570 3059 unus
585 3000 676 3072 liber,
694 3002 808 3061 Graece
830 3000 1001 3072 coniectus,
1018 2999 1058 3060 de
1074 3018 1151 3061 con·

213 3096 316 3155 sulatu
329 3095 493 3156 Ciceronis.

183 3222 196 3271 4
244 3188 1148 3264 tt).HaechactenusAtticorivoeditaanobissunt.Nunc,

212 3284 357 3360 qnoniam
374 3285 497 3344 fortuna
509 3301 566 3344 nos
580 3283 762 3361 superstites
777 3285 806 3345 ei
818 3302 886 3345 csse
901 3282 1012 3357 voluit,
1028 3283 1150 3365 reliqua
1209 3282 1213 3287 ’

212 3395 447 3454 persequemur,
464 3382 505 3452 et,
528 3382 679 3454 quantum
695 3376 899 3454 potuerimus,
920 3395 1027 3437 rerum
1045 3396 1150 3439 exem·

211 3472 269 3550 plis
285 3472 414 3532 lectores
440 3471 633 3545 docebimus,
661 3470 741 3531 sicut
767 3491 861 3550 supra
886 3470 1146 3548 significavimus,

211 3584 283 3624 suos
311 3566 422 3642 cuique
452 3583 553 3624 nrores
575 3565 759 3642 plerumque
785 3564 950 3624 conciliare
976 3563 1146 3627 fortunam.

179 3693 195 3742 ι)
212 3658 405 3735 Narnqnclric
418 3658 698 3718 contentusordine
711 3656 846 3735 equestri
861 3661 994 3734 quoerat
1005 3663 1104 3730 ortua,
1114 3657 1145 3716 in
