2430 4110
454 368 483 419 λ.
505 368 588 418 DlON.
610 369 633 417 l.
969 368 1001 418 ot

64 469 433 549 magnamauctoritatom
446 469 517 542 sibi,
531 488 634 548 pugna
646 467 805 528 illauavali
818 469 1000 547 quamapud

63 566 330 636 cnidumsecerat
340 563 561 634 constituisset,
571 582 633 623 non
643 562 997 633 soluminterbarbaros‚

63 663 116 722 scd
133 662 229 721 etiarn
245 680 353 721 omncs
367 661 512 722 Graeciae
527 659 679 731 civitates,
692 661 772 721 clam
784 661 858 720 dare
874 677 1000 738 operam

64 755 167 833 coepit
181 760 217 814 ut
227 754 345 826 Ioniam
359 760 390 814 et
405 754 541 814 Aeoliam
554 754 730 814 restitueret
743 752 997 813 Atheniensibus.
1072 798 1079 811 ,

64 848 97 907 ld
114 867 187 911 cum
201 847 304 907 minus
317 847 483 926 diligenter
498 851 579 908 esset
594 848 739 919 celatum,
757 847 929 919 Tiribazus‚
945 847 998 925 qui
1015 865 1031 912 5

64 941 215 1001 Sardibus
230 947 382 1019 praeerat,
396 941 554 1002 Conenem
566 943 714 1013 evocavit,
728 942 880 1001 simulans
894 941 931 1000 ad
949 959 997 1000 rc·
1010 951 1069 1010 392

63 1053 135 1113 gem
154 1053 226 1094 eum
244 1052 276 1094 se
288 1032 413 1096 mittere
433 1035 514 1095 velle
530 1052 642 1112 magna
658 1035 696 1095 de
712 1053 757 1094 re.
774 1034 873 1110 Hujus
889 1034 997 1093 nuntio

63 1147 177 1207 parens
189 1146 261 1186 cum
275 1127 424 1198 venisset,
438 1128 470 1187 in
482 1127 583 1188 vincla
597 1128 755 1206 conJ‘ectus
770 1133 826 1202 est,
840 1127 996 1204 inquibus

63 1222 256 1302 aliquamdiu
272 1223 341 1283 luit.
358 1223 435 1283 Inde
450 1222 591 1282 nonnulli
606 1241 677 1282 eum
693 1223 731 1281 ad
755 1240 860 1300 regem
882 1222 997 1282 abduc·
1013 1221 1030 1268 l

63 1325 128 1378 tum
153 1316 259 1394 ibique
282 1315 398 1394 perisse
423 1316 575 1395 scriptum
601 1315 806 1393 reliquerunt.
834 1315 946 1374 Contra
961 1331 997 1373 ea

63 1412 163 1472 Dinon
177 1408 355 1484 historicus,
373 1410 421 1470 cui
437 1428 494 1471 nos
511 1410 681 1488 plurimum
697 1409 736 1468 de
751 1406 883 1468 Persicis
904 1407 996 1467 rebus

64 1503 234 1572 credimus,
258 1501 402 1579 effugisse
430 1502 575 1581 scripsit;
602 1501 680 1561 illud
705 1499 869 1560 addubitat
890 1504 995 1558 utrum

62 1597 202 1657 Tiribazo
217 1593 334 1655 sciente
350 1614 389 1655 an
405 1594 603 1673 imprudente
618 1593 660 1654 sit
673 1594 800 1666 tactum,

445 1739 482 1801 X.
510 1737 616 1800 Dlllll.

101 1879 135 1931 1.
153 1872 242 1940 Drou,
255 1868 415 1948 Hippar’ni
428 1868 522 1939 silius,
537 1869 760 1947 Syracusanus,
774 1868 869 1929 nobili
881 1885 995 1946 genere
1014 1882 1024 1930 1

61 1969 163 2035 natue,
197 1968 328 2039 utraque
367 1962 543 2040 implicatus
573 1962 738 2040 tyrannide
763 1963 992 2040 Dionysiorum.

62 2059 202 2134 Namque
217 2056 269 2116 ille
285 2055 426 2134 superior
445 2055 691 2128 Aristomachen,
715 2073 852 2116 sororem
873 2056 990 2127 Diome,

61 2150 172 2210 habuit
187 2148 219 2207 in
235 2148 451 2220 matrimonio;
468 2168 505 2207 ex
517 2167 577 2226 qua
591 2148 669 2208 duos
683 2148 775 2220 filios,
789 2149 992 2227 Hipparssnum

60 2249 89 2301 et
104 2243 265 2312 Nisaeum,
282 2232 457 2319 procreavit
472 2242 662 2320 totidemque
683 2241 774 2314 filias,
798 2243 923 2308 nomine
938 2244 993 2303 So-

59 2339 237 2415 phrosynen
253 2341 284 2396 et
303 2339 438 2398 Areten:
461 2356 591 2416 quarum
608 2338 740 2417 priorem
758 2338 902 2418 Dionysio
917 2339 991 2411 filio,

60 2430 158 2489 eidem
184 2428 233 2489 cui
255 2447 388 2507 regnum
411 2430 547 2508 reliquit,
570 2436 703 2509 nuptum
719 2431 826 2502 dedit;
850 2431 991 2502 alteram,

61 2524 186 2593 Areten,
205 2521 308 2581 birni.
327 2523 403 2582 Dion
419 2530 523 2584 autem
535 2529 658 2602 praeter
668 2524 803 2584 nobilem
817 2522 994 2602 propinqui·
1010 2535 1026 2584 ⁶2

61 2616 152 2675 tatem
169 2632 417 2693 generosamque
437 2616 591 2693 majorum
609 2617 721 2677 lamam
746 2616 845 2675 multa
869 2615 929 2675 alia
954 2617 993 2676 ab

60 2713 171 2767 natura
186 2706 296 2767 babuit
321 2709 413 2781 bona,
442 2709 475 2768 in
500 2708 549 2769 his
573 2709 735 2786 ingenium
761 2708 872 2780 docile,
893 2726 991 2781 come,

61 2808 166 2880 aptum
186 2801 226 2860 ad
242 2807 323 2861 artes
338 2803 482 2880 optimas,
499 2821 645 2880 magnam
662 2803 796 2880 corporis
811 2802 993 2879 dignitatem

59 2911 136 2970 quae
161 2910 224 2952 non
250 2893 415 2954 minimum
442 2897 649 2967 commendat,
679 2913 807 2973 magnas
835 2902 994 2974 practerea

59 2985 182 3045 divitias
199 3005 216 3046 a
231 2992 317 3064 patre
330 2987 463 3062 relictas,
488 3008 564 3067 quas
585 2989 651 3068 ipse
667 2990 792 3068 tyranni
810 2988 992 3052 muneribus

58 3082 193 3137 auxerat.
225 3080 297 3138 Erat
321 3080 451 3141 intimus
477 3081 622 3159 Dionysio
638 3081 744 3160 priori,
772 3083 1024 3161 nequeminus5

59 3177 184 3250 propter
198 3191 300 3233 mores
316 3193 408 3250 quam
423 3176 617 3236 affinitatem.
631 3179 770 3255 Namque
783 3178 839 3238 etsi
854 3178 991 3257 Dionysii

59 3264 227 3324 crudelitas
254 3265 282 3324 ei
308 3267 503 3345 displicebat,
526 3274 629 3329 tamen
646 3269 767 3328 salvum
790 3277 916 3349 propter
940 3288 992 3329 nc-

60 3357 292 3429 cessiludinem,
320 3360 418 3438 magis
442 3362 535 3422 etiam
561 3381 688 3421 suorum
715 3381 806 3423 causa
834 3363 990 3425 studebat.
1074 3416 1076 3421 .

59 3449 171 3510 Aderat
198 3449 228 3508 in
258 3451 381 3529 magnis
411 3454 512 3522 rebus,
545 3453 674 3531 ejusque
702 3456 829 3515 consilio
857 3456 992 3515 multum

59 3543 240 3603 movebatur
272 3550 435 3620 tyrannus,
463 3546 522 3606 nisi
554 3565 614 3622 qua
647 3547 679 3606 in
708 3567 742 3607 re
767 3548 865 3625 major
893 3548 991 3625 ipsius

60 3634 208 3711 cupiditas
224 3636 454 3699 intercesserat.
471 3641 653 3718 Legationes
680 3660 752 3702 vero
780 3659 888 3702 omnes
913 3659 1024 3720 quael
