2430 4110
326 390 333 404 ,
369 345 409 395 lv.
422 345 603 396 PAUSAh'th.
617 348 641 396 5.
656 345 762 395 croton.
1002 347 1033 397 19

98 448 231 507 consilii.
259 446 338 507 Huic
355 446 408 506 ille
423 447 496 525 quid
513 467 550 508 ex
575 447 686 510 litteris
708 449 907 528 comperisset
920 449 1056 529 aperitss

98 541 163 610 Ouo
189 539 288 618 magis
316 540 485 601 Pausanias
517 539 715 620 perturbatus
744 560 831 602 orare
860 542 961 621 coepit
991 561 1031 604 ne

99 632 277 693 enuntiaret
302 650 358 694 nec
373 651 406 693 se
428 634 574 694 meritum
599 635 639 695 de
665 634 719 694 illo
735 634 851 714 optime
865 636 1028 714 proderet:

99 727 222 806 quodsi
243 746 311 787 earn
325 727 449 787 veniam
467 727 526 789 sihi
549 728 697 802 dedisset,
715 731 871 808 tantisque
896 730 1044 809 implica·-

101 825 164 879 tunr
182 820 276 880 rebus
292 820 496 891 sublevasset,
514 839 627 899 magno
642 821 671 882 ei
686 823 822 901 praemio
837 823 989 884 futurum.

142 918 176 974 5.
190 914 244 974 His
253 915 345 976 rebus
354 914 460 992 ephori
473 915 643 992 cognitis...
653 915 749 976 satius
757 916 945 994 putaruntin
954 917 1031 977 urhe
1043 909 1053 958 ¹

43 1024 47 1029 ’
99 1027 171 1068 eum
184 1006 416 1085 comprehendi.
434 1008 498 1077 Ouo
515 1026 586 1067 cum
602 1013 709 1068 essent
723 1008 863 1087 protecti,
876 1015 907 1071 et
920 1011 1032 1069 Pausa-

98 1103 166 1164 nias
178 1102 297 1180 placato
310 1101 436 1181 Argilio,
450 1108 486 1162 ut
496 1103 637 1182 putabat,
652 1104 914 1164 Lacedaemonem
929 1122 1032 1164 rever,

99 1202 229 1266 teretur,
246 1195 277 1253 in
293 1195 415 1268 itinere,
433 1213 503 1255 curn
512 1195 578 1272 jam
593 1194 625 1254 in
640 1214 676 1257 co
691 1201 773 1258 esset
784 1202 818 1256 ut
833 1198 1032 1275 comprehen-

100 1289 237 1360 deretur,
253 1306 289 1347 ex
305 1285 393 1346 vultu
409 1287 568 1364 cujusdam
581 1287 701 1366 ephori,
718 1288 770 1365 qui
786 1307 856 1348 curn
870 1289 1031 1350 admoneri

99 1380 254 1459 cupiebat,
268 1378 397 1440 insidias
409 1379 543 1441 sihifieri
553 1379 716 1441 intellexit.
726 1381 834 1458 ltaque
845 1381 951 1460 paucis
959 1388 1031 1443 ante
1042 1377 1057 1427 Ξ

99 1473 247 1555 gradihus
262 1492 354 1551 quam
370 1473 422 1551 qui
438 1492 510 1533 eum
523 1474 742 1550 sequebantur,
757 1474 787 1533 iu
800 1474 908 1534 aedem
920 1475 1033 1535 Miner-

100 1587 155 1629 vae
179 1586 257 1646 quae
279 1566 465 1629 Chalcioicos
482 1573 621 1640 vocatur,
638 1562 884 1647 confugitillinc
897 1588 937 1630 ne
950 1569 1034 1631 exiro

100 1667 214 1743 posset,
232 1661 336 1723 statim
352 1663 460 1741 ephori
482 1664 588 1723 valvas
610 1662 677 1740 ejus
698 1662 783 1722 aedis
799 1663 1031 1735 obstruxerunt,

100 1762 280 1833 tectumque
295 1760 368 1815 sunt
382 1755 533 1828 demoliti,
551 1775 610 1834 quo
625 1754 754 1816 celerius
769 1755 827 1815 suh
843 1755 913 1816 divo
928 1756 1034 1818 interi·

101 1854 160 1910 ret.
191 1848 310 1908 Dicitur
336 1867 371 1909 eo
397 1853 536 1928 tempore
558 1853 689 1909 matrem
711 1849 883 1910 Pausaniae
907 1849 1056 1922 vixisset

101 1959 232 2018 eamque
257 1941 323 2018 jam
354 1959 467 2018 magno
490 1945 576 2013 natu,
608 1945 770 2019 postquam
792 1942 831 2002 de
846 1942 962 2004 scelere
977 1943 1032 2003 filii

95 2033 263 2113 comperit,
276 2033 308 2092 in
326 2032 434 2112 primis
449 2034 488 2093 ad
503 2034 603 2095 filiurn
619 2035 826 2095 claudendum
842 2036 978 2116 lapidem
994 2037 1031 2098 ad

101 2127 262 2188 introitum
275 2125 361 2186 aedis
376 2126 528 2187 attulisse.
546 2126 600 2185 llic
616 2145 686 2186 cum
699 2127 888 2189 semianimis
899 2130 937 2190 de
953 2131 1058 2191 tem-⁴

102 2221 152 2299 plo
167 2221 267 2280 elatus
282 2225 373 2291 esset,
391 2220 551 2298 confestim
567 2219 703 2281 animam
719 2221 844 2282 efflavit.
858 2222 907 2284 Sic
918 2223 1031 2286 Pausa·
1053 2215 1112 2283 469

101 2315 169 2374 nias
180 2333 324 2393 magnam
333 2313 540 2392 belligloriam
553 2309 738 2394 turpimorte
750 2317 928 2379 maculavit.
940 2321 1031 2397 Cujus
1042 2332 1058 2381 5

99 2408 214 2468 mortui
242 2426 352 2487 corpus
379 2427 450 2467 curn
476 2409 587 2469 eodem
611 2409 754 2469 nonnulli
770 2411 909 2472 dicerent
927 2412 1032 2474 inferri

100 2507 239 2580 oportere
252 2521 312 2580 quo
324 2502 343 2560 ii
354 2501 407 2581 qui
417 2503 456 2562 ed
470 2503 656 2583 supplicium
669 2510 773 2564 essent
788 2506 863 2578 dati,
875 2507 1033 2586 displicuit
1069 2550 1072 2588 3

99 2596 251 2676 pluribus,
266 2601 297 2656 et
308 2596 390 2655 haud
404 2596 510 2675 procul
527 2598 566 2657 ah
582 2615 618 2656 eo
629 2597 693 2657 loco
706 2598 884 2660 infoderunt
895 2619 955 2678 quo
967 2610 1032 2664 erat

100 2695 252 2751 mortuus.
275 2689 351 2750 Inde
366 2690 518 2769 posterius
538 2691 677 2771 Delphici
698 2711 845 2772 responso
861 2701 967 2758 erutus
988 2703 1032 2758 at-

99 2801 158 2860 que
174 2784 284 2844 eodem
300 2782 366 2843 loco
380 2784 520 2862 sepultus
536 2788 584 2844 est
599 2784 652 2845 uhi
666 2785 760 2844 vitani
774 2793 929 2864 posuerat.

470 2970 508 3031 V.
525 2970 660 3034 cinon.

141 3167 172 3231 Ι,
190 3157 298 3231 Cluen,
316 3157 464 3220 Miltiadis
486 3159 580 3236 filius,
605 3161 814 3236 Atheniensis,
838 3165 915 3225 duro
930 3162 1053 3225 admo-¹

99 3252 172 3311 dum
185 3252 273 3312 initio
287 3272 361 3313 usus
373 3259 420 3315 est
434 3254 673 3318 adolescentiae.
687 3259 763 3319 Nam
779 3278 848 3320 cunr
864 3265 951 3338 pater
965 3260 1032 3339 ejus

98 3347 184 3406 litem
200 3346 393 3409 aestimatam
406 3349 519 3427 populo
530 3351 649 3412 solvero
662 3371 722 3413 non
731 3353 892 3432 potuisset,
907 3357 1033 3420 ohearn·
1085 3353 1089 3361 ’

99 3459 290 3519 quecausam
300 3441 330 3500 in
345 3442 454 3504 vinclis
466 3443 599 3523 puhlicis
613 3445 790 3519 decessiset,
804 3448 910 3509 Cimon
923 3451 1030 3512 eadem

99 3535 237 3596 custodia
250 3536 425 3607 tenebatur,
440 3554 539 3615 neque
551 3538 672 3616 legibus
685 3541 919 3603 Atheniensium
932 3543 1031 3605 emitti

101 3633 229 3707 poterat,
246 3628 306 3689 nisi
320 3629 484 3707 pecuniam
500 3650 560 3714 qua
574 3637 663 3714 pater
678 3634 827 3696 multatus
846 3640 911 3697 erat
922 3636 1036 3699 solvis-
