2430 4110
330 370 386 423 Xlll
416 368 607 423 TlllOl'llEUS.
631 372 651 420 l.
671 370 694 420 ἒ.
713 369 738 418 5.
927 368 930 375 “
971 366 1011 415 ll·

359 464 445 527 Xlll.
469 462 708 525 aluerat-:us

98 581 135 635 1
144 573 337 642 Tricornium,
354 569 486 631 Cononis
509 568 602 635 filius
621 565 832 627 Atheniensis.
847 564 933 625 Ilica
948 562 1032 640 pn··l

59 675 106 730 tre
120 666 422 772 accepttamglorianr
438 667 546 727 multis
559 664 714 725 auxitvirt
702 664 837 725 tutibus:
855 661 1001 721 luitenirn
1042 708 1046 713 .

57 761 233 834 disertus(
225 761 369 840 impiger,
388 754 570 833 laboriosus,
596 776 638 818 rer
633 757 801 817 militaris
817 755 934 834 peritus
950 771 1003 811 ne

56 875 117 934 que
140 856 247 916 minus
263 853 396 914 civitatis
415 852 584 933 regendae.
609 852 687 912 Mult
675 858 706 911 ta
721 851 816 929 hujus
832 854 907 910 sunt
918 826 1036 926 prae-⁰³

57 951 140 1010 clare
156 950 249 1020 sacta,
269 948 324 1009 sed
340 949 415 1008 haec
432 947 566 1007 maxime
578 946 721 1006 illustria
735 944 927 1024 Olynthiosc
911 945 1005 1018 ctBy·

58 1064 115 1104 zan
118 1043 178 1104 tios
208 1044 292 1104 bello
318 1042 454 1122 subegit,
485 1042 613 1101 Samum
636 1041 737 1118 cepit:
762 1041 795 1100 in
816 1058 876 1119 quo
892 1037 1004 1117 oppido

58 1138 270 1219 oppugnando
295 1136 448 1216 superiori
473 1136 555 1197 bello
572 1136 782 1216 Athenienses·
794 1135 879 1195 mille
903 1139 933 1192 ct
948 1133 1003 1190 du-

59 1239 151 1294 centa
165 1226 285 1293 talenta
300 1234 568 1308 consumpserant;
586 1228 617 1289 id
631 1223 864 1313 ille,ssitreulla
880 1226 1004 1306 publica

59 1328 214 1406 impensa,
230 1326 345 1405 populo
357 1344 405 1393 res
407 1324 503 1384 attuit.
515 1319 794 1384 Adversusssotnan
799 1323 883 1383 hello
894 1323 1001 1400 gessit

60 1423 99 1482 ab
115 1436 215 1500 eoque
231 1419 316 1481 mille
330 1426 363 1482 el
374 1420 508 1480 ducenta
524 1419 640 1478 talenta
654 1417 806 1496 praedae
790 1437 828 1477 rn
842 1416 1002 1494 publicum

60 1517 181 1578 retulit.
158 1516 340 1594 tCyzicum
352 1515 513 1576 obsidione
527 1514 655 1574 liberav'
638 1522 682 1574 rt.
697 1502 898 1575 Ariobarzani
911 1513 1005 1574 simul
1022 1501 1038 1549 5

61 1629 133 1673 cum
160 1607 302 1714 Agesilao
324 1608 438 1668 auxilio
460 1609 577 1687 profect
581 1627 616 1668 us
639 1614 707 1667 cst
700 1627 816 1685 ‚aquo
833 1627 904 1668 curn
928 1611 1006 1669 Laco

62 1703 230 1783 pecuniam
254 1708 448 1762 numeratam
472 1701 652 1779 accepisset,
670 1701 722 1761 ille
744 1703 826 1761 cives
842 1720 915 1762 suos
931 1721 1006 1780 agro

64 1803 158 1876 atque
175 1796 308 1856 urbibus
323 1796 430 1875 augeri
456 1796 576 1867 maluit,
603 1813 696 1872 quam
724 1795 754 1854 id
781 1813 902 1855 sumere
918 1795 1012 1872 cujus

64 1900 185 1973 partem
202 1893 329 1951 domum
348 1910 435 1951 suam
452 1893 531 1951 ferre
547 1897 661 1969 posset.
680 1891 789 1968 ltaque
803 1890 923 1969 accepit
944 1891 1007 1950 Cri-

65 1991 176 2049 thoten
192 1991 224 2046 et
238 1986 373 2046 Sestum.

107 2088 142 2143 2.
163 2079 252 2140 ldem
264 2079 356 2140 classi
372 2081 547 2158 praelectus
563 2081 799 2141 circumvehens
814 2082 1007 2160 Peloponne-
1026 2089 1036 2136 l

66 2194 147 2246 sum,
171 2175 344 2234 Laconicen
373 2173 551 2251 populatus,
579 2173 711 2233 classem
738 2191 845 2234 eorum
862 2176 1004 2254 fugavit3

67 2271 230 2346 Corcyram
242 2267 301 2326 sub
313 2266 480 2345 imperium
493 2266 730 2327 Atheniensium
746 2269 878 2351 redegit,
894 2271 1008 2331 socios·
1022 2289 1079 2346 375

69 2380 128 2440 que
143 2360 230 2420 idem
246 2359 390 2436 adjunxit
408 2359 564 2436 Epirotas,
581 2360 785 2432 Athamanas
800 2363 941 2423 Chaonas
954 2382 1016 2423 orn·

70 2473 186 2533 nosque
203 2472 255 2514 eas
267 2458 379 2532 gentes
393 2471 472 2531 quae
487 2472 572 2514 mure
589 2453 666 2513 illud
682 2455 838 2533 adjacent.
855 2457 920 2525 Quo
936 2457 1017 2518 facto
1034 2498 1049 2531 φ

72 2547 309 2609 Lacedaemonii
332 2548 371 2607 de
395 2547 516 2608 diutina
538 2547 737 2608 contentione
759 2549 958 2624 destiterunt,
985 2560 1017 2614 et
1035 2532 1049 2546 ⁵

73 2659 124 2701 sna
133 2646 245 2719 sponte
258 2640 503 2702 Atheniensibus
517 2641 638 2721 imperii
649 2643 797 2703 maritimi
809 2645 1017 2724 principatum

75 2738 303 2806 concesserunt,
325 2753 496 2813 pacemque
510 2734 558 2793 his
585 2735 707 2815 legibus
723 2738 962 2812 constituerunt,
981 2748 1016 2801 ut

76 2829 279 2889 Athenienses
293 2829 372 2889 mari
396 2830 491 2891 duces
515 2837 631 2891 essent.
655 2833 738 2902 Quae
764 2832 892 2894 victoria
914 2840 1017 2895 tantae

77 2923 130 2984 luit
145 2923 256 2984 Atticis
271 2924 417 2997 laetitiae,
433 2930 546 2986 ultum
563 2927 701 3005 primum
715 2947 788 2989 arae
810 2929 879 2988 Paci
893 2931 1017 3008 publice

78 3016 134 3076 sint
148 3018 257 3088 sactae,
289 3017 379 3095 eique
403 3018 479 3079 deae
495 3019 639 3097 pulvinar
655 3025 695 3080 sit
718 3020 906 3083 institutum.
925 3023 1018 3103 Cujus
1036 3041 1051 3103 3

79 3105 175 3170 laudis
188 3115 225 3169 ut
241 3110 392 3171 memoria
403 3118 558 3184 maneret,
572 3114 733 3175 Timotheo
746 3116 869 3193 publice
883 3123 1017 3178 statuam

80 3198 109 3260 iu
133 3203 197 3263 loro
213 3198 392 3280 posuerunt.
412 3206 470 3276 Qui
488 3206 587 3266 honos
600 3207 674 3266 huic
689 3208 743 3267 nni
760 3216 831 3270 ante
847 3210 878 3269 id
896 3217 1018 3289 tempus

83 3297 217 3376 contigit,
230 3303 273 3367 ut,
296 3316 366 3359 cum
379 3301 459 3377 patri
476 3301 608 3379 populus
624 3307 759 3362 statuam
775 3305 940 3381 posuisset,
955 3307 1019 3366 lilio

85 3405 199 3469 quoque
215 3392 314 3452 daret.
332 3392 381 3452 Sic
389 3393 477 3470 juxta
494 3394 606 3473 posita,
622 3413 730 3457 recens
746 3397 801 3457 filii
816 3403 950 3458 veterem
965 3418 1020 3477 pa-

86 3481 144 3543 tris
149 3485 311 3545 renoiaiit
327 3489 520 3547 memoriam.

121 3584 153 3638 8.
171 3580 228 3639 Hic
243 3597 314 3639 cum
330 3586 412 3640 esset
427 3600 540 3660 magno
555 3586 632 3642 natu
652 3588 682 3644 et
698 3584 898 3664 magistratus
914 3606 1021 3691 gerere

88 3662 223 3744 desisset,
240 3672 322 3732 hello
338 3673 544 3736 Athenienses
558 3677 694 3756 undique
705 3680 805 3757 premi
821 3683 894 3739 sunt
906 3681 1020 3757 coepti.
1039 3642 1050 3694 ¹

1030 3780 1047 3832 4
