2430 4110
212 401 246 449 ol
528 396 590 446 xvi.
603 395 786 446 Puteolana
800 395 823 444 Ξ.

213 510 282 562 mea
298 499 488 572 nominatur,
507 500 676 578 occupavit,
694 499 830 578 impulsu
845 515 1014 578 paucorum
1026 500 1148 561 Theba·

212 613 337 668 norum,
362 594 426 674 qui,
450 592 646 654 adversariae
665 592 790 653 tactioni
807 610 867 671 quo
883 591 1001 652 facilius
1021 592 1148 654 resiste·

212 694 292 757 rent,
317 689 476 748 Laconum
498 687 592 748 robus
614 686 801 759 studebant;
829 686 923 766 idque
945 705 1000 746 suo
1015 687 1145 765 privato,

124 816 127 823 ,
186 796 275 843 5non
288 780 410 858 publico
422 780 493 840 lecit
504 780 643 841 consilio.
660 781 725 851 Quo
736 781 813 840 lacto
826 799 898 841 eum
913 781 1146 842 Lacedaemonii

211 873 250 931 ab
266 872 402 933 exercitu
419 879 620 934 removerunt
634 874 827 952 pecuniaque
841 874 1026 946 multarunt,
1043 894 1145 954 neque

210 985 246 1028 eo
261 968 361 1046 magis
374 986 478 1028 arcem
493 967 649 1029 Thebanis
664 967 881 1040 reddiderunt,
898 968 979 1046 quod
996 969 1145 1046 susceptis

210 1059 380 1122 inimicitiis
392 1062 488 1122 satius
511 1061 667 1122 ducebant
681 1080 734 1123 eos
750 1061 884 1122 obsideri
900 1080 994 1140 quam
1007 1061 1142 1122 liberari.

210 1155 288 1214 Nam
303 1159 373 1232 post
387 1155 649 1234 Peloponnesium
665 1156 784 1217 bellum
796 1157 994 1234 Athenasque
1010 1155 1145 1218 devictas

211 1267 281 1306 cum
296 1249 452 1309 Thebanis
468 1249 527 1309 sibi
542 1267 610 1310 rem
625 1266 693 1310 esse
709 1247 940 1320 existimabant,
957 1253 989 1308 et
1010 1267 1063 1310 eos
1078 1267 1144 1310 esse

185 1340 290 1402 tsolos
302 1342 355 1421 qui
367 1342 517 1404 adversus
532 1343 677 1404 resistere
692 1343 857 1403 auderent.
871 1343 935 1402 llac
948 1347 1054 1404 mente
1068 1343 1145 1403 ami-

209 1435 252 1496 cis
269 1436 333 1496 suis
348 1455 487 1496 summas
507 1441 674 1514 potestates
697 1437 859 1507 dederant,
875 1433 1066 1514 alteriusque
1084 1437 1144 1495 tac-

209 1527 302 1587 tionis
318 1528 473 1607 principes
489 1530 602 1606 partim
617 1529 849 1602 interfecerant,
867 1528 942 1588 alios
954 1527 986 1589 in
1001 1529 1144 1590 exsilium

209 1620 382 1697 ejecerant3
410 1620 442 1680 in
457 1621 570 1699 quibus
592 1621 754 1699 Pelopidas
777 1621 838 1694 hic,
863 1620 901 1681 de
926 1638 987 1698 quo
1010 1621 1143 1681 scribere

209 1714 309 1774 exorsi
325 1733 445 1788 sumus,
459 1714 567 1792 pulsus
582 1714 681 1793 patria
692 1714 827 1776 carebat.

184 1812 195 1859 l
250 1811 283 1865 t.
309 1807 348 1866 Hi
369 1825 477 1868 omnes
499 1808 563 1868 fere
579 1808 716 1868 Athenas
732 1826 765 1868 se
780 1808 987 1891 contulerant,
1004 1827 1069 1869 non
1084 1826 1143 1887 quo

209 1905 415 1980 sequerentur
436 1901 544 1988 otium,
573 1901 628 1962 sed
650 1907 806 1979 utquam
828 1920 866 1961 ex
887 1901 1027 1980 proximo
1041 1900 1143 1961 locum

182 1993 268 2052 tiors
284 1992 459 2065 obtulisset,
474 2012 509 2054 eo
532 1994 664 2072 patriam
679 2013 862 2072 recuperare
878 1995 1066 2056 niterentur.
1080 1994 1142 2054 Ita·

206 2104 265 2163 que
278 2105 348 2145 cum
360 2091 482 2165 tempus
494 2093 577 2148 esset
586 2088 688 2149 visum
700 2087 743 2148 rei
756 2088 924 2165 gerendae,
936 2087 1143 2149 communiter

205 2197 276 2236 curn
291 2178 328 2238 iis
342 2179 394 2256 qui
417 2181 531 2241 Thebis
555 2181 638 2241 idem
662 2180 841 2242 sentiebant
856 2181 939 2242 diem
954 2170 1143 2259 delegerunt

125 2272 184 2332 sta
206 2270 245 2330 ad
271 2270 411 2332 inimicos
437 2273 658 2351 opprimendos
684 2274 901 2353 civitatemque
933 2274 1139 2346 liberandam,

179 2380 277 2428 ocum
289 2383 350 2443 quo
362 2364 489 2424 maximi
498 2366 698 2445 magistratus
710 2365 802 2426 simul
812 2371 999 2428 consuerant
1009 2367 1138 2446 epulari.

205 2459 334 2538 Magnae
357 2479 448 2538 saepe
468 2479 518 2521 res
540 2478 604 2520 non
619 2459 661 2520 ita
682 2460 805 2538 magnis
820 2461 915 2539 copiis
937 2465 1137 2539 suntgestae,

205 2555 259 2614 sed
275 2556 409 2633 protecto
422 2573 594 2634 numquam
610 2559 675 2615 tam
688 2555 728 2615 ab
740 2555 828 2615 tenui
844 2554 931 2615 initio
945 2558 1051 2614 tantae
1067 2573 1140 2631 opes

204 2654 279 2708 sunt
293 2648 484 2726 profligatae.
498 2651 576 2708 Nam
588 2648 753 2708 duodecim
767 2646 988 2709 adolescentuli
1000 2646 1141 2707 coierunt

204 2761 242 2801 cx
255 2741 292 2801 iis
305 2741 357 2820 qui
371 2740 478 2801 exsilio
490 2745 580 2802 erant
591 2741 714 2802 multati
725 2741 808 2823 (cum
820 2739 947 2802 omnino
958 2759 1022 2800 non
1033 2747 1140 2802 essent

203 2834 336 2913 amplius
351 2834 501 2915 centum),
519 2833 572 2914 qui
586 2839 673 2894 tanto
687 2853 719 2895 sc
741 2833 889 2895 offerrent
910 2832 1057 2911 periculo.
1075 2835 1140 2904 Oua

177 2929 355 3005 lpaucitatc
371 2928 513 3006 perculsa
534 2933 583 2989 est
597 2927 913 2989 Lacedaemoniorum
933 2926 1140 3005 potentiafli

202 3021 286 3080 enirn
313 3040 376 3081 non
392 3021 491 3099 magis
506 3021 755 3083 adversariorum
768 3019 892 3081 factioni
909 3038 1003 3098 quam
1018 3021 1140 3098 Sparta·

201 3115 250 3174 nis
266 3135 301 3176 eo
313 3120 453 3192 tempore
469 3114 586 3176 bellum
601 3116 787 3188 intulerunt,
806 3115 859 3192 qui
871 3114 1027 3193 principes
1049 3119 1140 3174 crant

201 3209 296 3269 totius
312 3208 476 3280 Graeciae;
501 3227 633 3286 quorum
659 3208 778 3288 imperii
795 3209 953 3287 majestas,
970 3227 1073 3287 neque
1096 3209 1137 3272 ita

175 3303 298 3365 timulto
310 3307 390 3381 post,
405 3303 562 3363 Leuctrica
575 3323 680 3383 pugna
695 3304 734 3365 ab
746 3304 803 3364 hoc
813 3302 900 3363 initio
912 3302 1054 3381 perculsa
1068 3322 1139 3365 con·

202 3394 287 3455 cidit.
305 3394 353 3453 llli
365 3394 461 3473 igitur
475 3395 650 3469 duodecim,
664 3415 797 3474 quorum
808 3398 871 3457 dux
883 3401 950 3456 erat
961 3395 1135 3474 Pelopidas,

200 3510 272 3549 curn
294 3489 424 3550 Athenis
448 3489 585 3550 interdiu
607 3492 786 3552 exeundum
801 3496 894 3563 esset,
924 3495 960 3550 ut
974 3509 1137 3568 vesperas·

116 3648 118 3652 ,
200 3587 289 3642 ceute
315 3580 399 3642 coelo
422 3581 544 3641 Thebas
569 3588 697 3659 possent
720 3583 896 3662 pervenire,
920 3599 991 3641 cum
1006 3582 1136 3643 canibus

199 3675 349 3737 vcnaticis
378 3675 494 3748 icrunt,
520 3675 596 3735 retia
621 3677 769 3751 terentes,
790 3676 903 3737 vestitu
925 3675 1053 3754 agresti,
1074 3694 1136 3754 quo
