2430 4110
367 362 399 413 ll.
411 363 659 415 THEMISTOCLES.
673 364 697 414 9.
971 366 1003 415 ta

56 460 154 540 gione
170 465 378 539 se-receplnm
390 466 541 535 tueretur,
557 464 653 523 filiam
668 464 695 540 ej
701 483 736 523 us
752 463 912 542 parvulam
928 467 1003 525 arri·

57 555 144 634 puit,
157 560 189 616 et
202 572 274 615 cum
285 573 322 616 ea
333 574 364 616 se
375 556 406 616 in
419 557 600 629 sacrarium,
615 559 696 634 quod
709 576 832 618 summa
843 559 1000 620 colebatur

59 648 261 721 caerimonia,
275 649 417 728 conjecit.
430 649 582 717 lndenon
596 651 681 730 prins
695 668 838 729 egressus
848 657 896 713 est
907 671 1000 730 quam

59 760 116 803 rex
131 760 205 802 eum
220 743 292 804 data
307 743 413 803 dextra
435 743 469 802 in
491 743 586 804 fidem
603 744 754 822 reciperet
768 763 775 818 ;
800 763 890 823 quam
915 763 1001 822 prae-

59 835 152 896 stitit.
166 837 243 896 Nam
256 854 327 896 cum
338 836 378 896 ab
391 836 633 896 Atheniensibus
646 843 675 896 ct
688 836 941 897 Lacedaemoniis
953 844 1026 897 ex-ti

59 933 244 1006 posceretur
255 928 390 1008 publice,
403 929 575 1006 supplicem
586 946 648 989 non
659 928 805 1008 prodidit,
818 929 1001 1007 monuitque

59 1028 98 1082 nt
111 1022 290 1082 consuleret
301 1022 375 1082 sihi:
390 1023 516 1083 difficile
529 1023 611 1083 enim
625 1041 692 1084 esse
708 1023 740 1082 in
752 1028 814 1083 tam
829 1025 1001 1103 propinquo

55 1115 128 1176 loco
144 1118 211 1175 tuto
224 1134 297 1177 eum
309 1115 441 1176 versari.
457 1116 565 1195 ltaque
577 1117 718 1195 Pydnam
731 1134 803 1176 eum
814 1117 927 1178 deduci
933 1118 1002 1196 jus-

57 1213 113 1286 sit,
131 1216 164 1272 et
178 1212 259 1289 qnod
279 1212 354 1273 satis
369 1217 451 1273 esset
465 1213 612 1292 praesidii
634 1212 731 1273 dedit.
755 1212 813 1272 Hic
834 1213 867 1272 in
890 1229 1028 1282 navemn

58 1304 210 1367 omnibus
222 1305 347 1383 ignotus
360 1307 462 1367 nantis
474 1306 625 1368 escendit.
639 1308 722 1379 Quae
734 1325 805 1367 cum
817 1311 1002 1387 tempestate

57 1397 201 1459 maxima
216 1399 335 1459 Naxum
349 1399 494 1472 ferretur,
512 1399 564 1461 ubi
588 1404 655 1459 tum
676 1399 912 1461 Atheniensium
936 1405 1002 1462 erat
1029 1432 1032 1438 ·

58 1490 231 1564 exercitus,
255 1491 353 1552 sensit
369 1492 603 1565 Themistocles,
629 1492 655 1551 si
670 1509 706 1552 eo
721 1493 926 1571 pervenisset,
943 1493 1002 1563 sihi

56 1603 131 1648 esse
147 1584 357 1664 pereundum.
369 1589 433 1647 Hac
447 1587 632 1647 necessitate
644 1591 767 1646 coactus
779 1585 904 1646 domino
915 1587 1002 1647 navis

60 1678 136 1758 quis
152 1677 194 1739 sit
208 1679 320 1756 aperit,
338 1680 437 1741 multa
452 1679 614 1758 pollicens,
631 1679 657 1738 si
674 1697 707 1738 se
723 1685 947 1740 conservasset.
964 1683 1027 1740 Att

56 1775 114 1836 ille
127 1773 294 1836 clarissimi
307 1774 365 1835 viri
377 1780 485 1853 captus
501 1773 713 1835 misericordia
724 1773 806 1834 diem
819 1780 1003 1852 noctemque

10 1870 12 1961 j
57 1867 224 1948 proculab
239 1867 342 1928 insula
353 1869 385 1928 in
403 1870 586 1929 salonavem
599 1867 700 1928 tenuit
713 1867 889 1941 inanescis,
903 1886 1003 1945 noque

60 1981 255 2042 quemquam
270 1981 356 2024 exea
371 1963 454 2024 exire
470 1981 579 2042 passus
594 1968 651 2024 est.
668 1961 748 2022 Inde
762 1963 917 2040 Ephesum
934 1980 1003 2040 per-

59 2057 162 2129 venit,
180 2056 285 2134 ibique
300 2056 530 2119 Themistoclen
546 2056 689 2135 exponit;
707 2056 755 2116 cui
771 2055 824 2117 ille
840 2074 895 2134 pro
907 2055 1001 2116 meri-

59 2150 102 2212 tis
117 2154 229 2230 postea
239 2151 372 2228 gratiam
388 2151 505 2210 retulit.

99 2251 137 2304 9.
152 2243 221 2304 Scio
235 2244 398 2322 plerosque
413 2243 457 2304 ita
469 2243 640 2322 scripsisse,
654 2242 885 2304 Themistoclen
901 2243 1022 2304 xerxet

58 2342 213 2417 regnante
224 2336 257 2396 in
269 2337 604 2398 Asiamtransisse.Sed
612 2355 668 2416 ego
676 2337 871 2416 potissimum
879 2339 1001 2416 Thucy·

59 2430 129 2492 didi
144 2429 249 2503 creda,
266 2429 350 2507 quod
365 2435 397 2490 et
410 2434 511 2491 aetate
525 2429 685 2508 proximus
700 2430 739 2489 de
753 2429 791 2489 iis
806 2431 857 2507 qui
874 2430 1000 2489 illorum

26 2596 29 2603 ‚
60 2529 240 2602 temporum
255 2522 418 2584 historiam
433 2523 639 2601 reliquerunt,
657 2528 688 2583 et
702 2522 842 2600 ejusdem
866 2523 1000 2584 civitatis

59 2616 130 2677 fuit.
148 2615 179 2676 Is
193 2620 298 2676 autem
313 2616 357 2677 ait
371 2617 409 2676 ad
427 2619 614 2677 Artaxerxen
627 2635 697 2676 eum
712 2616 835 2676 venisse
847 2621 939 2694 atque
951 2616 1000 2676 his

59 2708 166 2772 verbis
182 2709 345 2787 epistolam
359 2708 482 2771 misisse
498 2709 823 2771 dttemtstoclescem
837 2709 878 2768 od
893 2717 937 2789 tc,
947 2710 1000 2789 qui
1009 2708 1025 2758 ἰ)

56 2797 288 2884 plurimamola
300 2804 454 2864 hommum
461 2804 665 2883 Grcjorumtn
675 2803 796 2864 domum
805 2810 887 2863 tuam
895 2803 997 2873 intuto,

59 2897 209 2978 quamdiu
224 2895 301 2958 mihi
313 2913 433 2958 neccsse
446 2895 508 2975 fuit
522 2895 686 2956 aduersum
698 2902 820 2974 patrem
842 2902 930 2956 tuum
943 2895 1001 2957 bel·

61 2990 127 3052 lcre
133 2989 432 3071 patriamquemcam
439 2987 608 3068 defendere.
623 2990 706 3052 Idem
715 2987 809 3049 multo
817 2988 912 3067 pluro
923 2987 1025 3050 boant

10 3150 12 3159 ,
59 3081 130 3162 feci,
142 3089 303 3164 postquam
315 3083 348 3143 io
359 3089 422 3144 tulo
435 3083 508 3161 ipse,
523 3089 551 3144 cl
562 3082 614 3144 illc
627 3085 659 3143 in
668 3071 807 3161 periculo
819 3100 882 3143 esse
893 3084 998 3161 coepit.

58 3178 140 3239 Nom
149 3194 219 3238 cum
229 3176 263 3238 in
275 3176 384 3237 Asiam
395 3177 510 3237 reverti
521 3174 608 3237 uellet
618 3175 737 3254 proelio
749 3176 832 3256 aptrd
842 3175 1001 3237 Solomone

58 3269 153 3350 fecto,
169 3268 280 3330 litteris
293 3287 361 3330 eum
373 3268 534 3331 certiorem
542 3266 604 3347 feci
615 3269 648 3328 id
656 3269 717 3350 cpi,
729 3276 763 3329 nt
771 3286 859 3347 ponc,
874 3287 959 3348 quem
968 3270 1000 3328 tn

58 3364 253 3444 Hellesponto
265 3360 392 3441 (ecerat,
405 3362 632 3440 dissolveretur,
646 3370 735 3443 atquc
747 3362 784 3422 ab
796 3362 931 3424 hostibus
943 3365 1002 3425 ctr-

58 3457 231 3521 cornicetur
237 3474 249 3529 ,·
264 3474 322 3536 qno
337 3457 445 3517 nucetio
461 3456 515 3516 ille
525 3454 665 3534 periculo
679 3463 724 3517 est
740 3454 897 3518 liberetur.
910 3458 1026 3518 Nunct

58 3557 159 3613 cutem
173 3549 303 3631 consuat
316 3550 355 3610 cd
366 3558 394 3611 te
410 3549 586 3628 succedatur
602 3567 620 3608 α
636 3556 744 3610 cuncto
759 3549 895 3632 Graecia,
917 3556 1001 3609 tuam

53 3653 160 3741 petens
175 3643 359 3706 amicitiam.
376 3646 474 3720 Quam
488 3644 516 3705 si
532 3661 584 3704 ero
606 3642 744 3722 adeptus,
763 3661 823 3703 uon
836 3644 939 3703 minuc
953 3661 1001 3703 me
1034 3712 1037 3718 ⁴
1072 3718 1073 3722 Ἰ
