2430 4110
191 359 244 410 '38
558 355 587 406 l..
607 355 692 406 aloa.
710 356 734 407 2.
753 358 779 407 5.

212 472 318 528 essent
332 462 517 527 illustriores
532 481 587 542 per
599 462 727 523 Dionem
742 461 1056 541 administrabantur;
1074 486 1150 548 quas

217 559 340 637 quidem
348 557 401 619 ille
414 557 582 635 diligenter
593 555 749 626 obeunda,
761 555 1150 625 fideliteradministrando

217 652 464 716 crudelissimum
479 668 594 711 nomen
615 648 742 726 tyranni
764 668 820 710 sua
840 652 1035 715 humanitate
1056 657 1151 718 lenic-

212 747 278 807 bat.
296 749 393 806 Hune·
408 765 427 806 a
444 743 591 822 Dionysio
607 742 736 803 missum
752 741 1021 823 Carthaginienses
1035 749 1079 809 sic
1097 770 1149 811 su-

211 845 392 918 spexerunt,
404 843 437 898 ut
450 837 607 898 neminem
619 853 769 914 umquam
782 837 898 898 Graeca
909 837 1151 922 liugualoqucn-

211 940 276 995 tem
293 933 393 1012 magis
406 932 468 994 sint
482 929 640 991 admirati.

180 1039 190 1087 1
251 1034 287 1088 2.
318 1030 425 1107 Neque
454 1043 528 1086 vere
556 1026 633 1086 baec
664 1024 846 1104 Dionysium
874 1026 1048 1107 fugiebant,
1076 1053 1148 1095 nam

214 1129 329 1203 quanto
350 1128 433 1185 esset
455 1120 513 1183 sibi
528 1125 710 1181 ornamento
731 1119 885 1182 sentiebat
900 1141 908 1195 ;
926 1141 985 1201 quo
1000 1124 1096 1187 fiebat
1117 1134 1151 1190 ut

214 1215 267 1275 uni
283 1215 357 1276 huie
379 1214 514 1276 maxime
529 1212 717 1291 indulgeret,
733 1230 836 1291 neque
848 1231 919 1274 eum
935 1233 1024 1277 secus
1039 1218 1149 1298 dilige-

179 1315 260 1379 oret
279 1328 315 1370 ac
337 1308 450 1370 filium.
467 1308 525 1379 Qui
547 1307 686 1385 quidem,
710 1324 780 1367 eum
795 1305 957 1369 Platonem
979 1311 1148 1375 Tarentum

210 1403 331 1466 venisse
342 1404 424 1463 sama
436 1402 465 1461 in
479 1401 613 1462 Siciliam
628 1404 709 1460 esset
721 1399 849 1477 perlata,
862 1400 1063 1476 adolescenti,
1076 1425 1148 1467 cum

140 1496 197 1557 389
212 1498 277 1575 ejus
292 1497 440 1558 audiendi
456 1494 625 1574 cupiditate
651 1494 806 1572 flagraret,
831 1513 945 1572 negare
967 1516 1030 1557 nou
1046 1503 1148 1579 potuit

212 1590 285 1668 quin
313 1608 384 1650 eum
408 1593 592 1651 accerseret.
617 1586 708 1648 Dedit
733 1605 806 1665 erge
831 1587 904 1648 huie
933 1590 1055 1651 veniam
1082 1614 1148 1656 ma-

178 1697 194 1746 5
211 1703 334 1763 gnaque
346 1702 417 1743 eum
429 1682 599 1743 ambitione
613 1681 780 1760 Syracusas
793 1680 948 1758 perduxit.
961 1683 1057 1754 Quem
1070 1688 1147 1748 Dion

210 1776 286 1838 adeo
301 1776 473 1836 admiratus
488 1781 533 1836 est
544 1780 638 1852 atque
653 1772 820 1844 adamavit,
835 1779 869 1834 ut
884 1792 917 1834 se
931 1775 959 1835 ei
970 1782 1070 1839 totum
1086 1786 1147 1842 tra-

187 1892 189 1897 ·
210 1873 308 1933 deret.
323 1869 618 1950 Nequeveruminus
628 1869 694 1948 ipse
706 1868 792 1928 Plato
804 1867 975 1931 delectatus
986 1874 1145 1938 cstlliane.

210 1966 317 2043 ltaque
329 1983 400 2025 eum
415 1983 433 2024 a
448 1969 582 2043 tyranne
594 1961 762 2022 crudeliter
781 1960 914 2024 violatus
926 1970 1018 2032 esset,
1032 1968 1148 2049 quippe

210 2073 303 2132 quem
326 2052 678 2130 venumdarijussisset,
695 2057 799 2111 tamen
822 2052 931 2113 eodem
953 2055 1046 2117 rediit
1066 2059 1148 2137 ejus·

177 2148 280 2215 adem
296 2148 404 2208 Dinnis
429 2146 573 2226 precibus
598 2146 764 2207 adductus.
790 2146 919 2207 Interim
942 2149 976 2209 in
1002 2154 1147 2215 morbum

209 2241 318 2301 incidit
332 2241 506 2318 Dionysius.
524 2240 589 2310 Quo
608 2257 678 2298 cum
695 2237 781 2316 gravi
797 2236 1038 2316 eonssi'ctaretur,
1053 2264 1147 2324 quae-

209 2333 280 2394 sivit
295 2352 313 2393 a
328 2333 456 2394 medicis
469 2332 544 2392 Dion
557 2331 819 2410 quemadmodum
835 2352 868 2394 se
879 2335 1018 2413 haberet,
1036 2338 1147 2401 simul-

209 2444 268 2503 que
283 2426 321 2486 ab
337 2425 373 2486 iis
394 2424 493 2505 petiit,
512 2425 537 2487 si
552 2426 630 2485 forte
647 2424 755 2502 majori
771 2432 852 2487 esset
867 2428 1016 2505 periculo,
1035 2437 1070 2492 ut
1085 2434 1145 2496 sibi

181 2548 184 2553 ⁴
207 2522 396 2581 faterentur:
414 2540 487 2581 nam
502 2521 581 2581 velle
599 2539 631 2581 se
644 2538 715 2579 cum
728 2537 764 2580 ee
780 2520 912 2600 colloqui
928 2522 967 2583 de
982 2525 1145 2603 partienda

208 2629 314 2689 regno,
340 2612 421 2689 qued
444 2613 557 2674 suroris
576 2631 650 2674 suae
672 2611 753 2672 filios
780 2629 818 2672 ex
843 2613 896 2674 illu
922 2623 1011 2678 nates
1026 2625 1146 2697 partem

175 2725 191 2773 5
210 2704 295 2783 regni
308 2704 437 2782 putabat
449 2704 561 2765 debere
573 2705 699 2765 habere.
716 2703 751 2763 ld
766 2704 877 2766 medici
889 2724 951 2767 non
968 2715 1143 2773 tacuerunt.

210 2804 240 2860 et
255 2800 292 2860 ad
306 2797 488 2877 Dionysium
500 2798 600 2858 [ilium
616 2816 789 2859 sermonem
806 2799 991 2862 retulerunt.
1009 2803 1074 2874 Ouo
1092 2805 1146 2867 ille

209 2898 392 2963 commotus,
409 2909 448 2951 ne
460 2891 572 2970 agendi
587 2898 669 2952 esset
689 2890 777 2951 Dioni
794 2896 940 2967 potestas,
959 2895 1037 2973 patri
1054 2914 1145 2976 sope-

209 3005 274 3046 rem
288 2986 425 3046 medicos
440 2986 515 3045 dare
531 2986 643 3064 coegit.
660 2988 724 3047 Hoc
738 3002 833 3063 aeger
848 2993 973 3067 sumpto
986 2995 1022 3050 ut
1036 3008 1145 3053 sumna

138 3092 196 3150 367
210 3079 339 3157 sopitur,
356 3077 439 3138 diem
455 3078 531 3138 obiit
545 3097 738 3157 supremum.

176 3195 185 3242 l
248 3178 282 3232 3.
296 3170 369 3230 Tale
381 3169 507 3230 initium
522 3170 580 3231 luit
592 3171 695 3233 Dionis
708 3179 739 3233 et
750 3172 888 3250 Dionysii
901 3173 1079 3250 simultatis,
1097 3199 1145 3242 ea·

207 3283 267 3342 que
283 3263 389 3323 multis
400 3264 493 3324 rebus
509 3270 597 3324 aucta
611 3269 670 3326 est.
684 3267 743 3326 Sed
760 3273 863 3328 tamen
879 3267 986 3346 primis
998 3275 1145 3352 tempori·

207 3359 265 3418 bus
277 3357 469 3434 aliquamdiu
482 3357 711 3419 simulatainter
722 3361 913 3422 eosamieitia
926 3363 1145 3423 mansitzsicut

207 3471 277 3512 cum
292 3451 369 3510 Dion
385 3468 445 3509 neu
461 3451 625 3512 desisteret
647 3454 808 3514 obsecrare
825 3453 1006 3531 Dionysium
1023 3461 1059 3515 ut
1072 3457 1144 3515 Pla·

208 3551 310 3606 touern
322 3543 449 3603 athenis
460 3551 629 3606 arcesseret
643 3552 674 3607 et
689 3547 755 3623 ejus
768 3547 903 3607 consiliis
913 3552 1063 3620 uteretur,
1076 3549 1140 3618 ille,

210 3638 261 3714 qui
278 3638 309 3696 iu
321 3636 423 3715 aliqua
437 3655 468 3696 re
482 3637 576 3698 rcllct
587 3643 706 3717 patrem
723 3639 847 3714 imitari,
863 3656 982 3699 morem
994 3640 1021 3700 ei
1033 3642 1141 3720 gessit.
