2430 4110
76 331 82 341 ·
170 320 220 373 lid
476 324 523 377 ΙΙΙ.
542 327 618 379 neu
637 327 817 383 EXCERPTA.

135 433 155 484 4
168 422 314 504 publica?
324 425 386 489 Sed
397 427 424 489 si
435 429 563 491 omnino
575 431 607 494 id
619 432 688 493 fieri
702 451 763 493 oon
774 438 889 512 potest,
903 435 958 498 ubi
969 457 1029 519 ego
1038 458 1121 503 mor·

171 524 227 582 tua
241 538 307 593 ero,
320 521 417 600 petito
426 520 634 585 tribunatum.
647 527 708 586 Per
718 545 769 587 me
781 528 876 589 facito
890 532 1120 609 quodluhehit,

170 634 242 676 cum
258 633 316 695 ego
328 633 390 676 non
406 616 627 681 seutian1.[bi
644 625 765 681 mortua
781 640 845 693 ero,
863 628 1048 702 parentabis
1064 628 1123 689 mi-

169 708 203 769 hi
219 714 251 770 et
271 708 430 771 invocabis
451 709 546 771 deum
569 718 745 791 parentem.
768 713 805 773 In
830 733 867 775 eo
887 722 1030 799 tempore
1056 741 1121 782 non

168 803 267 883 pudet
278 808 309 864 te
321 822 429 865 eorum
443 804 536 866 deum
551 825 657 886 preces
669 811 815 886 expetere
826 827 905 886 quos
919 812 1009 874 vivos
1024 821 1122 894 atque
1142 826 1144 830 '

167 902 349 979 praesentes
364 897 489 960 relictos
514 904 608 979 atque
633 900 773 962 desertos
797 901 959 965 habueris
992 908 1036 969 Ne
1068 908 1121 970 ille

168 991 237 1056 sirit
246 994 262 1055 J
266 993 389 1072 uppiter
399 999 430 1054 te
438 1011 474 1054 ea
485 1011 696 1072 perseverare,
712 1012 768 1055 nec
781 993 839 1057 tibi
851 1001 976 1058 tantam
989 1000 1122 1065 demen-

170 1088 246 1156 tiam
260 1088 366 1151 venire
377 1087 409 1148 in
421 1087 577 1151 animum!
592 1091 630 1153 Et
648 1090 675 1152 si
689 1107 882 1169 perseveras,
896 1110 1011 1155 vereor
1024 1115 1067 1159 ne
1083 1097 1117 1160 in

175 1199 300 1244 omnem
315 1183 412 1245 vitam
434 1187 557 1244 tantum
575 1184 691 1246 laboris
713 1184 806 1265 culpa
826 1189 881 1246 tua
902 1188 1050 1268 recipiaS,
1073 1193 1136 1269 uti,

168 1276 255 1346 nullo
269 1283 410 1361 tempore
425 1283 492 1340 tute
508 1279 565 1342 tibi
579 1281 704 1360 plaeere
719 1283 830 1362 possis.

473 1603 517 1663 De
531 1600 622 1663 laude
637 1600 805 1666 Ciceronis.

210 1768 278 1832 Non
293 1765 437 1848 ignorare
452 1766 549 1829 debes
566 1786 665 1827 unum
680 1769 739 1829 hoc
754 1787 855 1847 genus
869 1771 1057 1834 Latinarum
1071 1752 1118 1832 lii.

170 1882 307 1938 terarum
330 1865 432 1925 adhuc
451 1881 515 1923 non
536 1863 629 1923 modo
651 1882 714 1923 non
742 1865 931 1943 respondere
959 1867 1119 1937 Graeciae,

169 1960 224 2022 sed
236 1958 362 2021 omniuo
374 1958 452 2018 rude
463 1956 742 2036 atqueinehoatum
754 1964 854 2018 morto
864 1959 1023 2022 Ciceronis
1031 1961 1120 2020 relio-

167 2061 247 2119 tum.
266 2054 322 2117 Ille
333 2053 418 2114 enim
429 2052 490 2113 tuit
504 2071 586 2113 nnus
601 2052 654 2130 qui
671 2053 805 2131 potuerit
821 2058 851 2114 et
867 2055 963 2115 etiam
975 2057 1121 2117 debuerit

168 2148 333 2213 historiam
352 2146 452 2226 digna
473 2163 547 2206 voce
568 2145 782 2224 pronuntiare,
807 2147 922 2226 quippe
949 2150 1003 2227 qui
1019 2155 1121 2209 oralo-

169 2244 248 2306 riam
260 2241 470 2320 eloquentiam
486 2240 626 2300 rudema
641 2240 812 2318 majoribus
828 2248 989 2319 acceptam
1005 2261 1119 2322 perpo-

168 2338 283 2418 liverii,
309 2337 539 2419 philosophiam
563 2341 636 2396 ante
664 2357 734 2397 eum
761 2338 952 2418 incomptam
971 2341 1120 2402 Latinam

171 2456 227 2502 sua
253 2431 493 2498 conformaverit
519 2430 667 2491 oratione.
691 2433 735 2491 Ex
761 2451 821 2510 quo
851 2432 959 2493 dubito
985 2434 1116 2496 interitu

173 2532 240 2613 ejus
254 2536 360 2594 utrum
376 2526 561 2608 respublica
575 2544 615 2586 an
628 2524 757 2586 historia
772 2526 871 2605 magis
887 2525 1004 2590 doleat.

214 2853 365 2935 Locuples
376 2870 412 2913 ac
426 2848 534 2910 divina
548 2853 672 2922 natura,
690 2867 750 2928 quo
763 2848 911 2928 majorem
927 2847 976 2910 sui
991 2856 1117 2929 pareret

172 2949 410 3012 admirationem
425 2941 705 3024 ponderatioraque
735 2959 791 3003 sua
816 2946 922 3002 essent
948 2941 1114 3018 beneficia,

174 3065 274 3126 neque
290 3042 345 3103 uui
359 3040 464 3101 omnia
486 3037 559 3098 dare
581 3057 639 3099 nec
655 3056 764 3099 rursus
780 3034 925 3115 cuiquam
941 3037 1046 3100 emnia
1062 3058 1117 3099 vo·

173 3140 233 3205 luit
247 3153 373 3219 negare.

525 3410 568 3468 De
582 3404 622 3466 Α.
641 3403 763 3466 Albino.

216 3572 333 3639 Gellius
354 3572 393 3633 N.
417 3571 458 3635 Α.
481 3571 535 3644 ΧΙ,
559 3572 588 3630 8.
603 3571 700 3630 ruste
724 3570 918 3645 venustoque
944 3567 1115 3629 admodum

173 3667 414 3753 reprehendisse
436 3665 551 3729 dicitur
570 3669 607 3726 A.
626 3663 771 3726 Albinum
794 3661 835 3723 M.
858 3663 944 3724 Cato.
969 3662 1113 3737 Albinus,
