2430 4110
503 339 533 388 u.
550 339 746 391 urricusro.
769 304 774 310 ’
1048 342 1094 390 us

149 425 336 489 affinitatem
355 431 496 508 pervenit
520 432 728 510 imperatorie,
757 431 823 492 lliri
839 432 907 504 filii,
932 451 999 492 cnm
1027 432 1094 509 jam

147 525 223 580 ante
239 521 482 585 tauriliaritatem
498 525 567 602 ejus
583 531 666 585 essct
681 532 868 586 consecutus
883 524 968 585 nulla
984 523 1093 585 aliare

149 630 246 689 qnam
276 615 432 696 elegantia
448 617 540 691 vitae,
568 637 628 697 qna
651 625 771 680 ceteros
799 625 923 698 ceperat
938 619 1093 698 principos

128 778 130 782 Ι
148 704 286 785 civitatis
298 709 450 788 dignitate
462 713 541 791 pari,
555 714 680 776 fortuna
691 712 885 774 humiliores.
899 713 996 772 Tanta
1009 712 1118 778 enims

148 807 340 885 prosperitas
355 809 516 872 Caesarem
529 816 577 874 est
587 818 764 885 consecuta,
782 817 817 873 ut
831 812 910 872 nibil
922 811 950 872 ei
966 829 1027 871 non
1037 810 1093 895 tri.

148 899 254 975 buerit
268 901 393 963 fortuna
408 905 489 982 quod
513 905 659 984 cuiquam
674 912 746 966 ante
761 905 926 976 detulerat,
945 910 975 964 et
990 904 1093 965 couci-

146 992 233 1058 liarit
244 995 326 1073 quod
343 1015 436 1057 nemo
447 999 550 1060 adbuc
563 998 639 1060 civis
652 1001 810 1060 Romanus
822 998 921 1077 quivit
932 999 1091 1076 consequi.

145 1087 226 1148 Nata
238 1093 285 1150 est
297 1095 403 1151 autom
418 1093 522 1154 Attico
535 1093 639 1171 neptis
655 1111 691 1154 ex
707 1093 851 1172 Agrippa,
870 1091 920 1152 cui
936 1091 1115 1170 virginemn

144 1179 245 1240 filiam
272 1184 449 1246 collocarat.
474 1188 562 1247 Hanc
575 1189 686 1248 Caesar
709 1187 759 1246 rix
773 1185 952 1246 anniculam
968 1186 1090 1246 Tiberio

143 1272 273 1336 Claudio
283 1277 410 1351 Neroni,
423 1280 558 1340 Drusilla
569 1286 653 1352 nato,
668 1279 810 1357 privigno
822 1297 889 1351 suo,
902 1279 1068 1357 despondit
1076 1300 1089 1360 ;

145 1387 226 1446 quae
242 1372 422 1451 conjunctio
437 1375 700 1436 necessitudinem
713 1391 820 1434 eornm
833 1372 946 1445 sanxit,
960 1374 1089 1434 familia·

144 1462 272 1527 ritatem
288 1469 426 1529 reddidit
440 1470 694 1548 frequentiorem.

186 1565 248 1621 20.
265 1561 457 1641 Quamquam
472 1571 544 1625 ante
560 1568 636 1625 baec
651 1565 807 1644 spontalia
819 1583 881 1624 non
894 1565 995 1624 solnm
1010 1578 1106 1629 euml

144 1655 183 1714 ab
216 1656 293 1718 urbe
322 1659 447 1720 abesset
485 1679 657 1738 numquam
686 1661 722 1720 ad
745 1679 872 1720 snorum
896 1677 1086 1738 quemquam

133 1749 359 1812 'litterasmisit
371 1753 446 1830 quin
459 1755 558 1814 Attico
571 1755 707 1815 mitteret
719 1755 792 1832 quid
806 1760 922 1833 ageret,
935 1755 964 1813 in
980 1753 1087 1832 primis

144 1844 217 1922 qnid
234 1846 352 1922 legeret
368 1848 543 1926 quibusque
555 1849 585 1908 iu
601 1850 676 1908 locis
688 1855 717 1908 et
731 1848 878 1925 quamdiu
895 1854 977 1908 esset
988 1866 1087 1907 mora·

144 1943 246 2010 turns,
265 1939 320 1999 sed
337 1942 431 2001 ctiam
448 1961 518 2000 cum
535 1950 618 2003 essct
632 1942 663 2000 iu
678 1943 753 2001 urbe
766 1949 796 2002 et
811 1948 936 2020 propter
950 1942 967 1999 i.
983 1940 1087 2002 linitas
1096 1995 1112 2028 o

145 2049 217 2093 suas
234 2034 452 2111 occupationes
465 2037 569 2096 minus
582 2055 673 2114 saepe
685 2056 778 2113 qnam
790 2037 883 2096 vellet
896 2037 994 2096 Attico
1006 2039 1087 2096 l'rne-
1096 2026 1111 2045 ⁴

144 2135 242 2201 retur,
259 2129 368 2189 nullus
386 2131 451 2192 dios
470 2138 585 2192 temere
602 2132 775 2192 intercessit
792 2151 852 2210 qno
875 2150 936 2190 uon
951 2132 988 2190 ad
1014 2150 1087 2191 enm

145 2224 304 2294 scriberet,
334 2245 407 2284 cum
435 2226 528 2286 modo
557 2227 674 2304 aliquid
704 2227 742 2286 do
771 2226 954 2304 antiquitate
982 2225 1022 2284 ab
1049 2244 1086 2286 eo
1114 2270 1117 2274 -

141 2317 327 2395 requireret,
357 2320 448 2379 ruodo
475 2321 614 2398 aliquam
643 2321 857 2398 quaestionem
880 2320 1031 2397 poeticam
1057 2308 1085 2380 ei

141 2421 340 2492 proponeret,
364 2415 523 2476 interdurn
545 2417 654 2494 jocans
670 2418 736 2495 ejus
753 2416 944 2476 verbosiores
960 2413 1084 2482 eliceret
1093 2466 1109 2513 5

143 2507 302 2586 epistolas
322 2510 365 2568 llx
382 2529 442 2587 qno
458 2511 579 2582 accidit,
597 2531 667 2570 eum
688 2510 774 2571 aedis
794 2511 879 2571 ¹loris
897 2509 1027 2571 Feretrii
1051 2510 1082 2569 in

141 2601 301 2681 Capitolio,
325 2603 365 2662 ab
381 2605 512 2666 ltomulo
527 2605 705 2677 constituta,
722 2610 878 2665 vetustate
893 2610 986 2682 atque
998 2603 1082 2664 incu-

140 2696 183 2764 ria
195 2697 321 2757 detecta
333 2699 555 2775 prolaberetur,
570 2708 605 2761 nt
616 2700 707 2760 Attici
720 2698 880 2761 admonitu
892 2699 1002 2759 Cacsar
1014 2717 1082 2759 eam

139 2792 341 2854 reficiendam
356 2801 488 2856 curaret.
507 2798 612 2874 Neque
627 2814 699 2856 vero
714 2815 731 2855 a
746 2796 785 2855 bl.
810 2795 943 2854 AntonTo
968 2793 1101 2852 miunst

139 2889 256 2949 absens
270 2887 382 2949 litteris
398 2891 567 2964 colebatur,
584 2892 662 2951 adeo
680 2897 715 2951 ut
729 2897 873 2951 accurate
888 2889 940 2948 illc
956 2908 993 2949 ex
1008 2890 1080 2952 nlti-

139 2981 197 3044 mis
221 2979 326 3055 terris,
346 2983 420 3060 quid
436 2989 553 3061 ageret,
571 3002 664 3045 curae
688 2971 746 3045 sibi
761 2983 891 3044 haberet
915 2983 1104 3044 certioremtt

137 3078 238 3139 lacere
254 3077 402 3141 Atticum.
417 3083 482 3141 Hoc
498 3081 588 3158 quale
601 3081 641 3141 sit
652 3082 774 3144 facilius
786 3079 976 3145 existimabit
987 3080 1013 3141 is
1024 3083 1076 3159 qni

136 3171 277 3249 judicare
294 3172 407 3249 polerit
425 3181 558 3251 quantae
574 3175 615 3236 sit
630 3177 799 3255 sapientiae
816 3195 923 3237 eornm
945 3177 1077 3238 rotinere

138 3281 230 3324 nsum
241 3264 565 3345 benevolentiamque,
579 3268 661 3330 inter
671 3269 962 3347 qnosmaximnrum
973 3288 1077 3330 rerum

138 3377 200 3418 nou
216 3359 317 3420 solum
335 3361 514 3434 aemulatio,
532 3363 587 3423 sed
603 3363 785 3424 obtrectatio
802 3365 887 3422 tanta
904 3362 1086 3422 intercede·

136 3452 189 3513 bat
202 3459 352 3531 quantam
369 3454 427 3514 init
442 3474 569 3516 necesso
590 3457 673 3517 inter
694 3457 856 3516 Caesarem
872 3461 964 3532 atque
981 3458 1076 3515 Anto·

137 3546 236 3618 nium,
263 3565 334 3606 cnm
365 3564 398 3607 se
429 3553 559 3627 uterque
589 3549 759 3629 principem
781 3568 842 3610 non
871 3552 970 3610 solum
988 3550 1073 3610 urbis

139 3639 261 3710 ltomae,
281 3641 334 3702 sod
350 3641 433 3702 orbis
449 3648 601 3703 terrarum
619 3662 689 3711 esse,
702 3649 841 3723 cuperet.
