2430 4110
437 335 513 385 llllll.
534 333 704 384 utilitate.
723 332 747 383 2.
765 333 790 383 ὅ.
1047 330 1079 383 89

138 439 261 501 diutius
274 436 544 499 calamitatesbelli
557 437 704 497 ferrcuou
716 435 1015 516 posseintelligchat,
1024 437 1078 497 sed
1096 443 1108 492 t

137 531 193 607 ita,
218 538 257 593 ut
285 520 390 592 statim
413 536 519 591 mente
541 529 684 608 agitaret,
712 529 738 590 si
760 530 888 609 paulum
913 530 1004 590 modo
1029 548 1079 590 res

140 631 249 688 essent
273 625 417 698 relectae,
438 624 556 684 bellum
583 641 732 684 renovare
748 626 963 702 Romanosque
984 623 1079 682 armis

141 718 301 798 persequi,
312 718 457 777 donicum
470 721 525 776 eut
536 715 651 777 virtute
663 716 872 776 vicissentaut
882 715 955 775 victi
968 734 1079 775 luanus

140 813 316 873 dedissent.
334 811 397 873 lloc
413 809 542 871 consilio
554 827 662 886 pacem
674 809 832 869 conciliavi
838 815 861 882 t;
878 809 908 868 in
922 827 981 888 quo
993 813 1077 868 tanta
1092 820 1108 870 5

140 902 1075 982 luitferocia,cumCathlusncgaretbellumeompositurum,

137 999 202 1061 nisi
219 999 273 1060 ille
288 1017 357 1058 rum
374 997 450 1069 suia,
468 996 520 1074 qui
537 999 666 1076 Erycem
684 1003 837 1069 tenerent,
854 997 949 1058 armis
962 997 1079 1058 relictis

139 1091 248 1154 Sicilia
260 1090 459 1161 decederent,
473 1094 508 1149 ut
523 1091 745 1149 succumbente
766 1089 865 1167 patria
881 1089 946 1168 ipsc
962 1091 1079 1170 peritu-

137 1204 212 1247 rum
230 1203 264 1245 se
280 1183 381 1263 potius
393 1183 506 1243 dixerit
522 1201 616 1260 quam
631 1200 702 1242 cum
717 1187 804 1242 tanto
819 1183 935 1260 flagitio
950 1184 1078 1244 domum

140 1277 279 1340 rediret:
303 1294 364 1336 uon
390 1274 475 1334 enim
499 1293 573 1335 suae
601 1293 669 1334 esse
685 1273 810 1335 virtutis
835 1293 954 1336 armaa
979 1277 1079 1354 patria
1129 1304 1132 1308 “

140 1374 269 1448 accepta
299 1368 450 1428 adversus
477 1367 581 1428 hostes
612 1367 798 1428 advorsariis
821 1367 955 1429 tradere.
979 1369 1080 1448 Hujus

141 1460 334 1542 pertinaciae
346 1461 439 1521 cessit
451 1461 589 1521 Catulus.

182 1561 218 1617 2.
227 1557 266 1616 At
277 1553 341 1625 ille,
351 1553 609 1631 utCarthagiuem
621 1552 716 1625 venit,
725 1553 823 1614 multo
831 1553 920 1615 aliter
932 1574 1079 1635 acspcra-
1095 1567 1104 1617 t

143 1651 271 1708 ratrem
285 1645 441 1724 publicam
458 1664 491 1705 se
507 1646 673 1706 habentem
690 1646 848 1723 cognovit:
865 1666 999 1725 namque
1010 1650 1079 1710 diu-

144 1740 294 1801 turnitate
320 1738 440 1800 externi
456 1739 530 1798 mali
548 1744 670 1799 tantum
685 1739 799 1799 exarsit
817 1739 1002 1800 intestinum
1017 1742 1081 1803 bel-

144 1837 222 1910 lum,
241 1843 276 1898 ut
296 1856 468 1915 numquam
486 1837 551 1914 pari
573 1836 710 1915 periculo
725 1836 819 1898 fuerit
840 1838 1004 1916 Carthago,
1022 1840 1080 1900 nisi

145 1951 214 1993 cum
227 1931 393 1992 deletacst.
408 1929 513 1989 Primo
526 1928 709 1989 mercenarii
723 1929 839 1990 milites
850 1929 962 2007 quihus
974 1931 1108 1992 adver-‘⁴2

146 2049 195 2090 sus
209 2032 363 2090 Romanos
378 2026 425 2087 usi
440 2031 528 2088 erant
547 2026 763 2098 desciverunt;
780 2044 913 2104 quorum
929 2046 1079 2089 numerus

147 2129 209 2183 erat
223 2120 335 2199 viginti
347 2119 528 2180 miliumfli
541 2124 636 2181 totam
650 2120 1019 2194 abalienarunthfricam,
1035 2124 1080 2201 ip·

146 2236 209 2277 sum
221 2216 438 2295 Carthaginem
447 2219 677 2294 oppugnarunt.
690 2214 810 2285 Quibus
820 2213 995 2277 malisadeo
1007 2224 1108 2284 sunto

145 2309 237 2370 Poeni
250 2308 417 2389 perterriti,
431 2308 569 2368 utetiam
582 2307 696 2368 auxilia
711 2308 750 2370 ab
757 2309 902 2370 Romanis
911 2309 1056 2388 petierint
1070 2331 1078 2383 ;

146 2423 239 2484 eaque
264 2404 484 2488 impetrarunt.
502 2405 561 2465 Sed
583 2409 735 2478 extremo,
753 2424 825 2466 curn
842 2425 938 2484 prope
958 2408 1025 2486 jam
1041 2409 1080 2468 ad

145 2498 389 2578 desperationem
404 2499 635 2578 pervenissent,
645 2499 850 2559 Hamilcarem
860 2500 1079 2583 imperatorem

143 2594 292 2654 lecerunt.
309 2593 339 2653 ls
355 2611 417 2652 non
433 2593 534 2654 solum
552 2594 655 2653 hostes
675 2610 694 2652 a
709 2592 806 2652 muris
823 2593 1017 2672 Carthaginis
1031 2613 1079 2655 re·
1097 2609 1107 2656 t

141 2685 245 2758 movit,
261 2705 333 2746 cum
349 2685 484 2765 amplius
498 2691 623 2746 centum
637 2684 723 2745 milia
734 2685 814 2746 lacta
829 2691 934 2748 essent
945 2694 1078 2749 annaio·
1101 2697 1160 2758 ⁶238

141 2797 219 2852 rum,
231 2777 388 2841 sedetiam
404 2797 440 2839 eo
452 2778 613 2858 compulit,
622 2784 657 2838 ut
668 2779 806 2841 locorum
819 2781 972 2859 angustiis
982 2782 1078 2842 clausi

140 2873 243 2949 plures
258 2873 339 2933 lame
354 2891 448 2951 quam
464 2872 545 2932 ferro
557 2872 732 2932 interirent.
754 2873 865 2933 Omnia
880 2868 993 2950 oppida
1009 2875 1080 2934 aba·

139 2965 264 3036 lienam,
282 2965 314 3025 in
339 2966 389 3026 his
405 2967 526 3028 Uticam
553 2973 647 3044 atque
663 2966 849 3045 Hipponem,
866 2967 1079 3030 valentissima

141 3063 233 3124 totius
249 3062 381 3136 Africae,
398 3062 536 3124 restituit
551 3063 680 3141 patriae.
699 3065 807 3143 Neque
824 3083 859 3124 eo
875 3065 935 3126 suit
953 3070 1108 3138 conten-5

140 3161 196 3228 tue,
222 3155 388 3216 sedetiam
413 3155 493 3216 flues
521 3155 644 3234 imperii
676 3157 870 3236 propagavit,
888 3164 952 3219 tota
976 3160 1079 3220 Africa

141 3252 259 3309 tantum
275 3248 373 3308 otium
392 3249 541 3321 reddidit,
561 3255 595 3310 ut
612 3250 735 3310 nullum
752 3250 785 3310 in
801 3268 837 3310 ea
859 3250 978 3312 bellum
993 3253 1078 3314 vide·

138 3346 222 3402 retur
237 3341 345 3402 multis
357 3339 449 3401 annis
465 3341 574 3402 fuisse.

177 3434 212 3496 3.
230 3434 334 3494 Rebus
360 3434 408 3492 his
432 3452 470 3493 ex
487 3436 641 3496 sententia
665 3435 812 3515 peractis,
842 3437 952 3499 fidenti
974 3440 1103 3518 auimo.

136 3533 227 3605 atque
244 3527 355 3587 infesto
384 3528 541 3602 Romania,
560 3549 620 3608 quo
641 3531 761 3592 larcilius
786 3551 912 3594 causam
940 3535 1078 3598 bellandi

136 3620 298 3701 reperiret,
313 3619 413 3682 effecit
425 3626 459 3683 ut
471 3621 641 3700 imperator
663 3644 735 3687 cum
754 3627 892 3688 exercitu
907 3627 939 3688 in
967 3630 1078 3709 Hispa-
