2430 4110
456 369 519 419 lllll.
540 369 687 420 rhoetea.
708 372 731 419 l.
749 370 774 420 2.
1047 374 1075 424 st

149 485 280 555 ossaque
295 467 362 546 ejus
375 467 407 525 in
422 468 638 547 Cappadociam
652 469 690 528 ad
705 476 834 531 matrem
848 476 938 549 atque
954 491 1077 535 uxorem

144 546 401 653 llhcrosqu‘e'ej'us
415 552 601 642 deportanda
615 569 773 623 curarunt.

491 748 563 804 xlx.
579 748 743 805 PHOCION.

179 925 231 995 Ἰ.
255 936 401 1006 Puociou,
419 935 622 1013 Atheniensis
638 937 693 997 etsi
702 957 789 1016 saepe
797 937 977 998 exercitibus
990 958 1077 1018 prae·
1092 956 1104 999 t

153 1027 213 1087 suit
230 1046 425 1106 summosque
442 1029 637 1108 magistratus
651 1031 749 1110 cepit,
765 1037 867 1092 tamen
888 1033 985 1094 multo
1012 1034 1078 1113 ejus

150 1121 252 1182 notior
277 1121 435 1200 integritas
447 1121 527 1183 vitae
543 1142 633 1201 quam
649 1125 693 1184 rei
708 1124 848 1186 militaris
862 1127 957 1186 lahor.
972 1128 1077 1207 ltaque

150 1214 245 1294 hujus
255 1214 402 1275 memoria
415 1220 459 1274 est
476 1216 579 1289 nulla,
595 1217 678 1277 illius
689 1224 792 1277 autem
806 1237 916 1296 magna
929 1222 1010 1280 fama
1020 1267 1028 1294 ,
1040 1241 1077 1282 ex

149 1329 211 1389 quo
225 1309 404 1390 cognomine
419 1312 520 1371 Bonus
534 1319 579 1372 est
593 1313 771 1391 appellatus.
788 1314 856 1373 Fuit
871 1315 952 1374 enim
967 1334 1075 1395 perpe·
1088 1330 1104 1376 2

150 1409 204 1464 tuo
218 1423 349 1484 pauper,
369 1423 441 1464 cum
454 1404 652 1466 divitissimus
667 1425 730 1466 esse
752 1412 861 1486 posset,
872 1413 994 1487 propter
1012 1411 1075 1471 fre-

150 1505 278 1578 quantes
285 1499 399 1560 delatos
407 1499 538 1559 honores
548 1505 770 1578 potestatesque
793 1521 927 1563 summas
940 1505 1076 1582 quaeeia

149 1594 262 1674 populo
273 1594 435 1653 dabantur.
449 1592 505 1651 llic
518 1610 589 1651 eum
603 1612 621 1650 a
632 1611 702 1672 rege
717 1594 858 1673 Philippo
873 1614 1001 1656 munera
1012 1617 1074 1658 ma·
1088 1616 1104 1662 s

148 1706 227 1767 gnae
241 1687 386 1766 pecuniae
408 1685 599 1764 repudiaret,
616 1685 766 1764 legatique
787 1687 982 1747 hortarentur
995 1690 1073 1749 aeci-

149 1798 232 1859 pere,
248 1779 399 1858 simulque
420 1778 636 1848 admonerent,
653 1778 677 1838 si
701 1778 763 1856 ipse
790 1779 826 1840 iis
839 1780 925 1838 facile
939 1787 1071 1854 careret,

147 1872 252 1933 liberis
262 1877 365 1932 tamen
383 1871 446 1932 suis
456 1871 654 1950 prospiceret,
684 1872 795 1950 quihus
810 1872 932 1932 difficile
947 1879 1025 1934 esset
1041 1875 1071 1934 in

132 1984 269 2026 summa
284 1971 460 2045 paupertate
478 1971 588 2023 tantam
602 1970 759 2042 paternam
773 1967 851 2026 tueri
863 1967 1006 2045 gloriam,
1022 1968 1097 2028 hist

147 2060 200 2120 ille
220 2060 256 2119 Si
268 2059 327 2119 mei
338 2058 450 2119 similes
465 2063 568 2128 erant,
585 2057 660 2117 idem
674 2057 736 2129 hie,
750 2058 859 2136 inquit,
875 2061 987 2139 apelles
1007 2062 1072 2122 illos

146 2152 204 2212 alet
217 2151 271 2233 qai
283 2169 329 2211 me
343 2148 383 2211 ud
395 2149 470 2211 heac
483 2148 654 2228 diJaitetem
672 2149 819 2229 perduxit
829 2153 895 2224 ,sia
913 2151 1071 2213 dissimiles

130 2236 215 2306 'soal
238 2242 352 2323 sutori,
377 2244 444 2304 uolo
458 2245 531 2304 meis
553 2244 692 2321 impensis
713 2243 833 2303 illoram
850 2244 893 2304 oti
912 2248 1071 2328 superique

102 2335 105 2340 ’
146 2341 318 2402 tetrartum.

188 2437 228 2494 2.
241 2434 325 2496 Idem
338 2452 408 2494 eum
422 2451 514 2512 prope
526 2432 911 2511 adannumoetogesimum
924 2453 1067 2513 prospera
1084 2453 1094 2496 t

144 2529 333 2609 pervenisset
353 2530 492 2600 fortuna,
508 2528 649 2588 extremis
670 2528 856 2605 temporibus
875 2547 1022 2608 magnum
1037 2533 1069 2590 iu

143 2623 251 2683 odium
262 2621 400 2702 pervenit
420 2639 545 2681 snorum
560 2620 685 2692 civium,
703 2622 800 2699 primo
820 2622 901 2699 quod
918 2610 997 2682 cum¹
1008 2627 1096 2685 Der

142 2715 234 2775 made
249 2716 285 2775 de
300 2714 376 2775 urhe
401 2713 546 2773 tradenda
557 2713 714 2791 Antipatro
728 2721 929 2786 consenserat,
942 2717 1067 2795 ejusque
1080 2729 1138 2790 322

142 2809 269 2870 consilio
293 2808 511 2870 Demosthenes
531 2827 602 2866 cum
617 2809 724 2867 ceteris
739 2807 791 2886 qui
813 2808 890 2867 hene
908 2809 945 2867 de
961 2828 994 2868 re
1008 2829 1065 2887 pu-

139 2902 222 2962 blica
236 2901 336 2962 meriti
345 2900 704 2979 existimabanturpopuli
713 2902 786 2961 scito
795 2901 1066 2963 incusilinmerant

140 2996 273 3077 expulsi.
296 2999 399 3076 Neque
414 2996 447 3056 in
467 3014 503 3056 eo
527 2995 626 3056 solum
651 2995 832 3067 offenderat,
848 2996 928 3074 quod
953 2998 1065 3076 patriae

139 3092 222 3152 male
236 3093 445 3164 consuluerat,
458 3089 510 3151 sed
525 3090 616 3150 etiam
631 3091 711 3168 quod
726 3089 875 3150 aniieitiae
896 3090 988 3150 tidem
1004 3111 1063 3152 nen

139 3186 343 3267 praestiterat.
359 3187 496 3264 Namque
509 3190 617 3244 auctus
636 3184 818 3262 adjutusque
833 3203 850 3243 a
864 3185 1063 3247 Demosthene
1076 3210 1092 3256 5

139 3298 216 3341 eum
229 3298 320 3358 quem
339 3279 458 3340 tenebat
474 3273 650 3338 ascenderat
664 3278 792 3356 gradum
807 3323 813 3350 ,
831 3297 901 3337 cum
920 3278 1063 3340 adversas

139 3376 300 3437 Charetem
316 3393 388 3436 eum
402 3374 597 3446 subornaret,
614 3372 771 3432 abeodem
786 3373 816 3431 in
827 3373 969 3450 judiciis,
992 3392 1064 3434 enm.

138 3468 248 3549 eapitis
263 3488 385 3530 causam
408 3469 538 3541 diceret,
558 3468 717 3539 defensus,
742 3461 900 3546 aliquoties
917 3468 1062 3529 litteratus

138 3564 317 3625 discesserat
336 3564 438 3623 :hunc
452 3581 512 3622 non
527 3562 625 3622 solum
641 3561 672 3619 in
684 3561 825 3639 periculis
839 3581 898 3621 non
915 3561 1059 3631 defendit,

136 3656 191 3718 scd
214 3655 306 3717 etiam
331 3656 473 3736 prodidit.
494 3653 625 3716 Concidit
645 3660 747 3715 autem
772 3655 902 3715 inarime
917 3674 978 3714 nuo
999 3655 1087 3727 cri-s
