2430 4110
433 281 795 379 'xxurmuuroaura
1058 328 1090 379 or

153 415 361 491 Tabellarius,
382 418 470 480 aucis
494 437 574 479 nave
597 417 751 496 declarate
773 417 850 491 suis,
874 418 984 480 eodem
1007 418 1090 479 unde

142 503 221 571 'erat
234 529 378 590 egressus
393 530 427 572 se
442 511 570 590 recepit.
593 514 632 571 At
657 513 814 573 Eumenes
837 511 937 572 soluta
957 512 1115 590 epistolas

150 603 233 664 nihil
242 605 275 665 in
286 606 458 685 eareperit,
471 605 531 666 nisi
542 624 621 685 quae
632 606 671 666 ad
680 605 871 666 irridendum
884 607 1087 683 pertinerent.

150 699 246 778 Cujus
259 701 318 762 etsi
333 720 459 763 eausam
473 701 656 773 mirahatur,
681 720 782 780 neque
799 701 1025 780 reperiebatur,
1042 709 1088 763 ta-

150 795 389 875 menproelium
400 795 506 857 statim
517 796 710 857 committere
721 796 1114 858 noudubitavit.Horumt

106 942 110 953 .
150 892 190 953 in.
209 911 362 956 concursu
391 894 516 974 Bithyni
545 895 729 956 Hannibalis
753 901 917 974 praecepto
950 895 1089 957 universi

149 1002 263 1048 navem
286 988 434 1050 Eumenis
460 987 657 1049 adoriuntur.
688 989 824 1059 Quorum
851 988 914 1048 vim
943 1005 1088 1048 reanum

149 1079 307 1142 sustinere
317 1099 381 1144 non
396 1088 512 1161 posset,
529 1083 602 1160 luga
617 1083 749 1143 salutem
764 1083 855 1161 petit3
873 1101 966 1161 quam
982 1101 1089 1144 conse-

149 1177 241 1234 eutus
251 1191 315 1235 non
330 1181 424 1248 esset,
439 1174 501 1235 nisi
516 1174 598 1236 iutra
611 1194 667 1236 sua
683 1175 838 1253 praesidia
859 1195 891 1236 se
907 1175 1086 1253 recepisset,

148 1283 229 1344 quae
242 1267 275 1329 iu
286 1270 426 1349 proximo
438 1270 527 1332 litore
539 1275 629 1330 erant
640 1269 798 1330 collocata.
818 1268 965 1347 Reliquae
977 1270 1111 1347 Perga-a·

146 1369 261 1424 menae
275 1381 371 1424 naves
386 1382 457 1425 eum
479 1363 673 1424 adversarios
699 1369 877 1440 premerent
902 1363 1015 1435 aerius
1043 1382 1089 1424 re·

146 1463 242 1534 pente
256 1457 354 1521 ineas
368 1477 442 1520 vasa
463 1458 586 1531 fictilia,
603 1459 771 1537 dequibus
787 1477 881 1536 supra
897 1457 1086 1519 mentionem

145 1551 289 1626 fecimus,
307 1553 418 1630 conjici
433 1558 542 1629 coepta
569 1557 655 1612 sunt.
683 1553 767 1623 Ouae
788 1552 872 1630 jacta
885 1551 972 1611 initio
988 1550 1085 1610 risum

146 1644 362 1725 pugnantibus
377 1645 583 1716 concitarunt,
597 1662 698 1722 neque
711 1662 806 1722 quare
818 1644 849 1703 id
862 1644 952 1704 fieret
964 1650 1086 1722 poterat

145 1738 293 1818 intelligi.
309 1741 477 1818 Postquam
489 1748 594 1801 autem
607 1757 703 1800 naves
716 1758 788 1799 suas
804 1738 943 1817 oppletas
956 1753 1109 1818 conspe-tt

144 1839 261 1896 xerunt
274 1833 484 1912 serpentibus,
499 1852 579 1895 nova
594 1852 627 1895 re
643 1833 810 1911 perterriti,
834 1851 917 1906 eum,
941 1832 1016 1910 quid
1031 1851 1084 1913 po·

146 1925 306 1988 tissimum
321 1927 468 2000 vitarent,
494 1945 557 1988 non
584 1927 739 2000 viderent,
762 1946 882 2007 puppes
908 1933 1081 1999 verterunt,

144 2033 241 2097 seque
255 2019 295 2080 ad
316 2037 372 2081 sua
391 2025 491 2081 eastra
511 2020 635 2082 nautica
655 2020 841 2081 retulerunt.
859 2020 908 2081 Sie
929 2020 1108 2091 Hanniba17

144 2112 273 2174 consilio
292 2131 380 2175 arma
405 2115 669 2191 Pergamenorum
689 2114 870 2193 superavit3
895 2131 995 2192 neque
1016 2119 1082 2174 tum

144 2209 257 2283 solum,
275 2209 438 2289 sedsaepe
460 2209 547 2282 alias,
579 2208 776 2289 pedestribus
802 2209 909 2289 capiis,
927 2209 993 2289 pari
1008 2227 1082 2288 pru·

143 2301 251 2364 dentia
262 2303 383 2383 pepulit
396 2303 601 2366 adversarios.

182 2407 242 2462 1².
271 2403 452 2474 Quaedam
477 2401 510 2461 iu
530 2403 603 2464 Asia
626 2408 790 2482 geruntur,
820 2401 932 2464 accidit
957 2421 1030 2464 casu
1045 2411 1101 2474 uti

141 2493 238 2574 legati
253 2495 380 2557 Prusiae
396 2498 510 2558 Romae
524 2497 607 2576 apud
629 2499 666 2560 T.
689 2497 850 2570 Quintium
869 2497 1080 2559 Flamininum

141 2589 337 2651 consularem
349 2596 628 2670 coenarent,atque
640 2591 682 2652 ibi
690 2591 728 2652 de
736 2591 909 2652 Hannibale
922 2591 1080 2652 mentione

141 2684 221 2746 laeta
235 2704 273 2747 ex
287 2685 325 2748 iis
340 2705 423 2748 unus
437 2686 554 2749 diceret
565 2705 636 2748 eum
651 2687 683 2747 iu
699 2688 826 2748 Prusiae
838 2705 934 2766 regno
947 2706 1025 2748 esse.
1043 2687 1102 2747 lde

141 2785 265 2858 postero
289 2779 340 2841 die
360 2781 553 2843 Flamininus
578 2782 699 2843 senatui
725 2783 987 2869 detulithatres
1008 2799 1079 2842 eon·
1110 2785 1131 2831 tv

140 2872 261 2951 scripti,
278 2873 331 2952 qui
344 2874 604 2947 Hannibalerivu
621 2892 793 2952 numquam
816 2893 850 2935 se
864 2875 932 2936 siue
957 2874 1078 2935 insidiis
1103 2922 1116 2937 ,

141 2966 264 3027 tuturos
279 2967 504 3041 existimarent,
528 2970 647 3048 legatos
671 2971 704 3029 in
720 2968 898 3049 Bithyniam
913 2967 1076 3041 miserunt,

140 3060 173 3120 iu
188 3061 227 3121 iis
240 3060 464 3135 Flamininum,
487 3063 539 3140 qui
552 3063 592 3142 ab
606 3081 678 3140 rege
694 3068 837 3142 peterent
850 3080 890 3122 ne
902 3061 1077 3123 inimicissi-

137 3170 225 3214 mum
238 3172 329 3214 suum
342 3173 448 3216 seeum
461 3156 591 3217 haberet
605 3155 726 3234 sibique
741 3156 879 3217 dederet.
896 3155 952 3216 His
966 3156 1100 3229 Prusia5

137 3264 253 3324 negare
265 3264 360 3309 ausus
383 3265 446 3309 nou
460 3254 522 3321 est;
539 3247 617 3309 illud
640 3249 804 3321 recusavit,
822 3267 861 3309 ne
882 3248 915 3309 id
928 3268 946 3309 a
959 3267 993 3310 se
1006 3249 1074 3310 lieri

137 3343 332 3419 postularent
354 3343 436 3421 quod
451 3343 664 3422 adversusjus
685 3343 812 3423 hospitii
834 3348 932 3405 esset:
949 3342 1020 3422 ipsi,
1047 3344 1074 3406 si

137 3440 274 3511 possent,
292 3436 610 3514 comprehenderent;
626 3437 729 3497 locum
746 3437 799 3497 ubi
814 3442 896 3497 esset
917 3436 1006 3498 facile
1028 3436 1074 3498 in·

136 3535 296 3591 venturos.
312 3530 468 3591 Hannibal
483 3531 567 3590 enim
585 3549 647 3592 uuo
671 3531 739 3592 loeo
761 3551 795 3594 se
814 3533 951 3605 tenebat,
974 3533 1005 3594 iu
1022 3554 1072 3595 ea·
1118 3559 1122 3567 ⁴

136 3625 238 3700 stello,
250 3627 331 3705 quod
340 3626 368 3688 ei
377 3646 395 3687 a
404 3643 479 3705 rege
488 3627 596 3692 datum
605 3632 671 3689 erat
680 3628 814 3702 muneri,
828 3628 921 3708 idque
934 3627 977 3689 sie
986 3629 1072 3690 aedi-
