2430 4110
397 338 438 387 Vl.
459 339 631 389 Ll'Sthllill.
650 341 674 388 5.
689 341 713 388 l.
892 359 893 362 ¹
994 338 1026 388 25

86 441 254 512 luntatem,
266 440 406 500 futurum
421 445 457 500 ut
471 439 575 500 Thasii
588 439 800 500 dilaberentur
815 440 1027 501 consulerent-

87 556 150 616 que
166 537 259 596 rebus
276 536 416 596 suis......

131 637 167 689 8.
192 630 299 706 ltaque
314 628 346 688 hi
361 627 601 688 decemviralem
626 632 810 706 potestatem
830 630 869 690 ab
892 629 944 694 illc
961 647 1029 689 con·
1049 654 1058 702 1

88 723 230 783 stitutam
244 721 450 782 sustulerunt.
465 722 529 791 Quo
541 721 646 781 dolore
658 721 804 781 incensus
818 719 887 782 iniit
901 721 1029 782 consilia

88 834 180 893 reges
206 814 523 875 Lacedaemoniorum
549 815 666 874 tollere.
691 814 751 874 Sed
773 816 925 876 sentiebat
944 815 975 873 id
996 833 1029 874 se

90 909 159 969 sine
175 927 231 986 ope
248 910 374 968 deorum
390 910 491 967 tacere
505 927 566 967 uon
590 926 691 985 posse,
715 909 797 986 quod
820 909 1028 968 Lacedaemo·

91 1003 135 1062 nii
161 1002 266 1061 omnia
295 1003 334 1061 ad
363 1002 487 1061 oracula
512 1003 627 1061 referre
660 1008 856 1062 consuerant.
890 1000 1062 1060 Primum?

89 1096 274 1173 Delphicum
290 1113 486 1172 eorrumpere
501 1099 547 1154 est
558 1100 696 1155 conatus.
706 1094 783 1153 Cum
800 1095 831 1154 id
843 1113 903 1154 non
918 1095 1030 1172 potuis·

64 1206 74 1219 ¹·
89 1196 149 1262 set,
169 1191 328 1250 Dodonam
344 1191 470 1250 adortus
487 1195 545 1250 cst.
561 1191 640 1249 Hine
657 1209 779 1268 quoqne
795 1191 937 1268 repulsus
952 1190 1030 1252 dixit

89 1303 123 1345 se
137 1289 207 1344 vota
221 1285 406 1361 suscepisse,
426 1303 504 1362 quae
521 1284 588 1344 Jevi
603 1285 749 1344 Ammoni
765 1284 911 1356 solveret,
929 1284 1031 1344 existi-

89 1397 180 1438 mans
195 1396 228 1437 se
242 1379 328 1438 Atros
343 1378 464 1438 facilius
480 1383 710 1455 corrupturum.
728 1381 791 1438 Hac
804 1397 858 1456 spc
874 1397 944 1437 eum
958 1397 1030 1456 pro·
1047 1391 1063 1439 5

90 1475 191 1533 fectus
207 1477 289 1533 esset
304 1473 335 1531 in
352 1473 498 1543 Africam,
523 1473 657 1532 multum
681 1493 752 1534 eum
774 1472 928 1534 antistites
947 1473 1031 1534 Jovis

90 1565 283 1624 fefellerunt.
307 1567 385 1624 Nam
402 1582 462 1624 nou
480 1565 581 1623 solum
597 1564 750 1642 eorrumpi
772 1583 833 1624 non
849 1569 1028 1643 potuerunt,

93 1659 147 1719 sed
163 1658 257 1718 etiam
268 1658 387 1735 legatos
399 1658 665 1718 Lacedaemonem
678 1659 839 1728 miserunt,
849 1658 901 1735 qui
915 1660 1032 1736 Lysan-

93 1751 185 1810 drum
202 1754 384 1809 accusarent
398 1750 478 1826 quod
496 1738 671 1810 sacerdotes
691 1749 753 1809 lani
770 1768 968 1829 corrumpere
983 1770 1033 1811 ce-

94 1847 186 1901 natus
209 1847 301 1901 esset.
320 1845 489 1902 Accusatus
504 1845 561 1902 hec
580 1843 709 1902 crimine
721 1843 925 1920 judicumque
942 1845 1032 1904 abso·
1050 1859 1064 1906 t

93 1935 177 1995 lutus
194 1936 368 2007 sententiis,
388 1936 601 1996 Orchomeniis
615 1937 729 1997 missus
745 1936 895 2012 subsidio,
911 1936 1031 1998 occisus
1054 1946 1112 2004 395

94 2036 141 2090 est
155 2050 174 2090 a
188 2030 342 2089 Thebanis
354 2031 436 2108 apud
453 2031 637 2090 Haliartum.
654 2032 752 2101 Onam
768 2049 839 2091 vere
851 2031 890 2090 de
905 2048 941 2090 eo
956 2032 1032 2091 leret
1049 2054 1065 2102 5

90 2121 264 2200 judicatum
279 2122 374 2181 oratio
387 2121 501 2181 indicio
513 2122 571 2181 fnit
584 2141 662 2199 quae
675 2128 884 2199 postmortem
896 2123 928 2181 in
941 2122 1032 2183 domo

95 2216 162 2293 ejus
178 2219 299 2293 reperta
315 2221 372 2286 cst,
390 2216 494 2292 inqua
510 2217 619 2275 suadet
635 2214 886 2275 Lacedaemoniis
901 2221 933 2276 ut
949 2216 1032 2293 regia

95 2313 246 2386 potestate
269 2308 421 2369 dissoluta
440 2329 476 2369 ex
497 2310 642 2369 omnihus
664 2310 725 2368 dux
742 2308 897 2386 deligatur
911 2310 949 2369 ad
966 2309 1032 2369 hel·

94 2403 159 2462 lum
174 2401 356 2479 gerendum,
371 2403 425 2462 sed
439 2404 482 2463 sic
495 2403 620 2481 scripta,
633 2409 668 2462 nt
682 2403 775 2461 deum
789 2403 945 2462 videretur
959 2420 1032 2461 con·

94 2513 205 2571 gruere
235 2495 420 2564 sententiae,
445 2514 538 2573 quam
563 2496 616 2556 ille
646 2513 678 2554 se
704 2494 882 2554 habiturum
903 2494 1034 2572 pecunia

95 2588 195 2647 tideus
212 2605 273 2646 non
285 2588 455 2648 dubitarat.
470 2591 554 2648 Hanc
570 2589 598 2648 ei
615 2587 774 2666 scripsisse
789 2587 881 2647 Cleon
898 2587 1033 2648 Halicar-
1067 2604 1070 2610 ·

96 2680 200 2741 nasius
215 2681 341 2742 dicitur.

135 2784 171 2834 4.
195 2777 293 2851 Atque
309 2775 368 2835 hoe
394 2777 460 2837 loco
487 2795 549 2836 non
565 2781 612 2836 est
628 2776 891 2855 praetereundum
916 2776 1032 2834 factum
1052 2793 1062 2841 1
1103 2812 1124 2837 0

96 2870 287 2930 Pharnabazi
300 2870 429 2949 satrapis
442 2871 531 2949 regii,
545 2873 621 2930 Nam
635 2889 707 2929 eum
721 2870 882 2948 Lysander
897 2867 1034 2947 praelec-

96 2968 145 3023 tus
157 2963 264 3023 classis
280 2964 312 3024 in
329 2965 410 3025 bello
426 2966 524 3025 multa
540 2965 707 3024 crudeliter
720 2982 872 3041 avareque
897 2961 1032 3034 fecisset,

96 3058 194 3136 deque
208 3057 256 3118 his
272 3060 365 3119 rebus
382 3051 593 3138 suspicaretur
607 3060 646 3119 ad
663 3059 745 3120 cives
761 3077 833 3120 suos
848 3076 916 3119 esse
933 3057 1034 3135 perla-

96 3154 175 3222 tum,
193 3149 283 3228 petiit
296 3169 314 3210 a
329 3153 530 3212 Pharnabazo
552 3157 587 3211 nt
610 3152 649 3212 ad
672 3154 806 3230 ephoros
818 3151 877 3212 sibi
894 3150 1035 3210 testimo·

96 3242 184 3301 nium
205 3243 295 3302 daret
309 3250 424 3321 quanta
440 3245 603 3305 sanctitate
628 3245 745 3305 bellum
760 3245 910 3322 gessisset
925 3242 1036 3304 socios·

98 3357 154 3416 qne
168 3344 340 3414 tractasset,
355 3343 453 3421 deque
466 3363 502 3403 ca
513 3363 546 3404 re
558 3349 697 3404 accurate
711 3345 873 3405 scriberet:
889 3361 1035 3422 magnam

97 3432 179 3492 enirn
191 3433 258 3510 ejus
270 3437 485 3497 auctoritatem
500 3437 532 3496 in
544 3458 581 3498 ea
596 3458 628 3498 re
644 3439 880 3500 futuramfluic
896 3439 947 3499 ille
960 3438 1034 3498 lihe—
1051 3460 1068 3515 2

98 3525 201 3586 raliter
224 3527 402 3604 pollicetur;
420 3531 536 3591 librum
550 3532 702 3609 grandem
718 3532 820 3592 verbis
836 3532 942 3592 multis
960 3550 1032 3592 eon·

99 3618 231 3690 scripsit,
245 3619 278 3680 in
294 3622 406 3686 quibus
422 3622 552 3684 summis
565 3643 637 3685 cum
653 3625 741 3686 effert
764 3623 920 3686 laudibus.
935 3625 1032 3696 Quem
